1688 2831
625 295 677 349 ll.
716 295 1055 367 Interpretatio

293 409 502 448 Verborum

314 478 413 531 ῃἀλλ’
445 478 610 532 εὔχομαι
636 483 686 531 γῇ
713 479 807 531 τῇδε
834 479 898 516 καὶ
926 477 1075 529 πατρὸς
1100 478 1209 529 τάφῳ

313 550 516 601 τοῦνειρον
544 550 642 589 εἶναι
668 551 768 590 τοῦτ’
801 551 889 600 ἐμοὶ
916 548 1190 601 τελεσφόρον.“
1218 573 1276 595 -ἶ

189 627 227 663 et
266 613 454 675 scriptura
493 635 517 662 a
557 622 750 662 codicibus
789 622 963 674 praebita
1003 626 1060 662 est
1098 622 1247 672 integra
1282 624 1319 660 et
1359 631 1493 660 sensus

189 696 318 734 bonus.
359 695 588 746 „Somnium,
615 696 737 744 inquit
764 695 927 745 Orestes,
956 706 1070 743 quum
1097 705 1180 733 sese
1206 692 1358 743 habeat,
1385 696 1426 730 ut
1452 695 1493 731 tu
1553 711 1555 713 ·

187 767 300 807 modo
341 766 488 817 dixisti,
539 767 635 805 bene
675 767 860 806 eveniat.“
920 767 1169 814 Nequaquam
1214 764 1396 804 inusitata
1435 767 1494 803 est

187 822 397 891 particulae
438 836 529 876 ἀλλὰ
571 838 796 889 significatio
836 838 996 888 „igitur“
1009 837 1051 888 ᾗ),
1101 841 1142 875 ut
1182 836 1326 876 Orestis
1365 836 1492 874 nutrix

134 952 141 958 ,
187 924 223 950 v.
252 912 347 950 781:

312 981 385 1020 ἀλλ’
417 980 509 1031 εἶμι,
549 981 682 1031 inquit,
717 982 780 1019 καὶ
809 988 891 1024 σοῖς
916 985 1039 1019 ταῦτα
1068 979 1259 1030 πείσομαι
1285 977 1414 1032 λόγοις
1441 1001 1490 1007 -—

187 1058 225 1093 et
249 1054 389 1093 Xerxis
415 1058 537 1093 mater
562 1055 666 1092 Pers.
694 1067 730 1091 v.
759 1054 854 1091 849:

311 1124 384 1163 ἀλλ’
416 1124 508 1174 εζιοι,
540 1126 603 1162 καὶ
630 1118 805 1174 λαβοῦσα
834 1123 986 1174 κόσμον
1015 1127 1055 1162 ἐκ
1082 1122 1219 1174 δόμων

310 1195 560 1243 ὑπωπιάζειν
588 1195 703 1234 παιδί
728 1210 811 1246 μου
837 1194 1091 1246 πειράσομαι.

183 1268 429 1319 Adjectivum
452 1273 579 1308 autem
605 1266 836 1318 τελεσφόρος
857 1269 1095 1317 Wellauerus
1121 1268 1161 1307 in
1187 1269 1310 1307 lexico
1324 1268 1492 1317 Aeschy-
1553 1285 1556 1287 “

185 1342 246 1382 leo
255 1342 287 1393 G)
312 1340 572 1382 tantummodo
601 1352 712 1382 sensu
739 1340 936 1382 transitivo
965 1352 1116 1381 sumens
1142 1353 1218 1381 non
1245 1340 1343 1381 bene
1364 1339 1493 1380 verbis

171 1414 323 1466 „finem
349 1414 547 1462 afferens“,
575 1414 741 1463 „exitum
767 1414 996 1464 adducens“,
1025 1414 1166 1464 optime
1187 1414 1260 1452 viri
1287 1413 1401 1463 docti,
1428 1413 1493 1461 qui

185 1485 335 1524 lexicon
374 1484 660 1524 Passowianum
700 1489 1016 1536 retractaverunt,
1065 1489 1102 1524 et
1141 1497 1255 1524 sensu
1294 1484 1492 1524 transitivo
1540 1494 1544 1497 ’

186 1557 261 1607 „ad
299 1557 414 1595 finem
453 1556 678 1607 perducens,
701 1557 888 1607 aliquid“,
929 1562 969 1595 ut
1002 1559 1126 1595 Prom.
1161 1571 1197 1596 v.
1225 1558 1313 1595 511.
1356 1558 1493 1606 Μοῖρα

186 1627 324 1667 dicitur
350 1626 592 1679 τελεσφόρος,
623 1628 762 1679 Moera,
796 1640 893 1678 quae
919 1629 1064 1678 aliquid
1090 1629 1141 1668 ad
1167 1628 1280 1668 finem
1307 1626 1493 1680 perducit,

186 1700 502 1749 Homericumque
540 1700 634 1739 illud
673 1699 904 1751 τελεσφόρον
946 1703 999 1745 εἰς
1039 1699 1232 1748 ἐνιαυτόν,
1282 1713 1403 1751 usque
1441 1700 1493 1741 ad

187 1784 327 1810 annum
354 1772 468 1810 finem
495 1773 517 1811 i.
547 1784 579 1810 e.
606 1773 860 1812 maturitatem
887 1773 1138 1812 adducentem
1164 1774 1188 1811 i.
1217 1786 1246 1813 e.
1274 1785 1344 1824 per
1370 1776 1492 1811 totum

187 1857 327 1886 annum
339 1844 388 1894 ⁷),
444 1849 480 1883 et
520 1857 634 1884 sensu
672 1829 911 1885 intransitivo
967 1845 1047 1896 „ad
1086 1846 1200 1886 finem
1239 1845 1492 1898 perveniens“

186 1919 376 1955 sumentes
413 1916 604 1967 explicare
638 1916 731 1954 mihi
765 1916 956 1968 videntur,
992 1921 1033 1956 ut
1052 1930 1102 1956 .v.
1132 1919 1208 1956 212
1241 1930 1278 1957 n.
1306 1921 1351 1957 tr.
1386 1900 1492 1969 εὐχαὶ

186 1988 360 2028 dicuntur
398 1986 642 2039 τελεσφόροι,
686 2001 836 2040 preces,
885 2002 983 2039 quae
1023 1990 1121 2030 bene
1161 1990 1345 2040 evadunt3
1386 1990 1492 2041 Sept.

185 2074 222 2100 v.
259 2061 335 2100 655
375 2061 550 2101 Eteocles
588 2061 637 2100 de
676 2062 789 2101 minis
828 2075 852 2101 a
885 2063 1070 2114 Polynice
1104 2064 1262 2114 jactatis
1300 2076 1326 2103 a
1360 2054 1504 2108 nuntio'

186 2134 321 2173 certior
346 2134 470 2173 faetus
497 2133 636 2185 Oedipi
670 2135 791 2185 patris
819 2134 915 2186 ἀρὰς
951 2135 1044 2175 dicit
1070 2134 1143 2174 νῦν
1168 2134 1428 2186 τελεσφόρους
1455 2138 1494 2174 et

263 2288 294 2374 3
326 2290 474 2374 Degqua
504 2291 690 2332 particulae
731 2289 811 2322 ἀλλά
845 2293 1086 2335 significatione
1118 2293 1256 2336 exponit
1286 2293 1491 2336 Har-tumus,

186 2353 241 2383 pp.
269 2367 304 2432 ⁶).
324 2354 363 2426 X.
385 2342 579 2434 V5V.el2lauer.,
611 2395 740 2429 lexicon
761 2397 992 2438 Aeschyleum.
1026 2397 1062 2428 L.
1087 2397 1177 2429 1830.

271 2444 295 2483 ⁷)
328 2446 370 2478 cf.
391 2446 525 2484 Ameis„
546 2447 589 2479 ad
610 2447 708 2480 Hom.
731 2447 792 2480 Od.
814 2448 870 2488 IV,
893 2449 943 2481 86.
1155 2467 1158 2470 ·
