<?xml version="1.0" encoding="UTF-8"?>
<!DOCTYPE html PUBLIC "-//W3C//DTD XHTML 1.0 Transitional//EN"
    "http://www.w3.org/TR/xhtml1/DTD/xhtml1-transitional.dtd">
<html xmlns="http://www.w3.org/1999/xhtml" xml:lang="en" lang="en">
 <head>
  <title>
</title>
<meta http-equiv="Content-Type" content="text/html;charset=utf-8" />
  <meta name='ocr-system' content='tesseract 3.04.00' />
  <meta name='ocr-capabilities' content='ocr_page ocr_carea ocr_par ocr_line ocrx_word'/>
</head>
<body>
  <div class='ocr_page' id='page_1' title='image "./4630643_0015.png"; bbox 0 0 1688 2831; ppageno 0'>
   <div class='ocr_carea' id='block_1_1' title="bbox 0 0 237 319">
    <p class='ocr_par' dir='ltr' id='par_1_1' title="bbox 0 0 237 319">
     <span class='ocr_line' id='line_1_1' title="bbox 0 0 237 319; baseline 0 0"><span class='ocrx_word' id='word_1_1' title='bbox 0 0 237 319; x_wconf 95' lang='lat' dir='ltr'><strong>  </strong></span> 
     </span>
    </p>
   </div>
   <div class='ocr_carea' id='block_1_2' title="bbox 1463 116 1512 154">
    <p class='ocr_par' dir='ltr' id='par_1_2' title="bbox 1463 116 1512 154">
     <span class='ocr_line' id='line_1_2' title="bbox 1463 116 1512 154; baseline 0 -7"><span class='ocrx_word' id='word_1_2' title='bbox 1463 116 1489 154; x_wconf 82' lang='lat'>9</span> <span class='ocrx_word' id='word_1_3' title='bbox 1509 143 1512 147; x_wconf 93' lang='lat'>.</span> 
     </span>
    </p>
   </div>
   <div class='ocr_carea' id='block_1_3' title="bbox 50 193 1489 346">
    <p class='ocr_par' dir='ltr' id='par_1_3' title="bbox 50 193 1489 346">
     <span class='ocr_line' id='line_1_3' title="bbox 106 193 1489 273; baseline 0 -14"><span class='ocrx_word' id='word_1_4' title='bbox 106 193 119 244; x_wconf 41' lang='lat' dir='ltr'>ss</span> <span class='ocrx_word' id='word_1_5' title='bbox 139 239 159 252; x_wconf 61' lang='lat' dir='ltr'>a</span> <span class='ocrx_word' id='word_1_6' title='bbox 184 221 242 259; x_wconf 77' lang='lat' dir='ltr'><strong>ita</strong></span> <span class='ocrx_word' id='word_1_7' title='bbox 273 223 315 258; x_wconf 86' lang='lat' dir='ltr'><strong>ut</strong></span> <span class='ocrx_word' id='word_1_8' title='bbox 345 224 433 270; x_wconf 78' lang='lat' dir='ltr'><strong>post</strong></span> <span class='ocrx_word' id='word_1_9' title='bbox 457 221 618 259; x_wconf 78' lang='lat' dir='ltr'><strong>verbum&#39;</strong></span> <span class='ocrx_word' id='word_1_10' title='bbox 656 219 819 270; x_wconf 73' lang='grc' dir='ltr'><strong><em>εὔχομαι</em></strong></span> <span class='ocrx_word' id='word_1_11' title='bbox 858 224 1043 273; x_wconf 63' lang='lat' dir='ltr'><strong>commate</strong></span> <span class='ocrx_word' id='word_1_12' title='bbox 1082 221 1131 259; x_wconf 88' lang='lat' dir='ltr'><strong>sit</strong></span> <span class='ocrx_word' id='word_1_13' title='bbox 1163 216 1489 271; x_wconf 74' lang='lat' dir='ltr'><strong>distinguendum3</strong></span> 
     </span>
     <span class='ocr_line' id='line_1_4' title="bbox 50 290 1489 346; baseline 0.001 -15"><span class='ocrx_word' id='word_1_14' title='bbox 50 339 58 346; x_wconf 75' lang='lat'>.</span> <span class='ocrx_word' id='word_1_15' title='bbox 109 290 112 291; x_wconf 46' lang='lat'><em>⁷</em></span> <span class='ocrx_word' id='word_1_16' title='bbox 186 291 304 332; x_wconf 85' lang='lat' dir='ltr'><strong>verba</strong></span> <span class='ocrx_word' id='word_1_17' title='bbox 329 294 456 338; x_wconf 81' lang='lat' dir='ltr'><strong>autem</strong></span> <span class='ocrx_word' id='word_1_18' title='bbox 482 291 717 343; x_wconf 79' lang='lat' dir='ltr'><strong>significant:</strong></span> <span class='ocrx_word' id='word_1_19' title='bbox 744 293 931 345; x_wconf 72' lang='lat' dir='ltr'><strong>imprecor</strong></span> <span class='ocrx_word' id='word_1_20' title='bbox 949 292 1064 343; x_wconf 84' lang='lat' dir='ltr'><strong>igitur</strong></span> <span class='ocrx_word' id='word_1_21' title='bbox 1089 304 1114 332; x_wconf 82' lang='lat' dir='ltr'>a</span> <span class='ocrx_word' id='word_1_22' title='bbox 1140 291 1215 332; x_wconf 84' lang='lat' dir='ltr'><strong>diis</strong></span> <span class='ocrx_word' id='word_1_23' title='bbox 1239 292 1303 332; x_wconf 82' lang='lat' dir='ltr'><strong>vel</strong></span> <span class='ocrx_word' id='word_1_24' title='bbox 1328 304 1355 331; x_wconf 84' lang='lat' dir='ltr'>a</span> <span class='ocrx_word' id='word_1_25' title='bbox 1380 292 1489 343; x_wconf 81' lang='lat' dir='ltr'><strong>Jove,</strong></span> 
     </span>
    </p>
   </div>
   <div class='ocr_carea' id='block_1_4' title="bbox 0 319 77 356">
    <p class='ocr_par' dir='ltr' id='par_1_4' title="bbox 0 319 77 356">
     <span class='ocr_line' id='line_1_5' title="bbox 0 319 77 356; baseline 0 2475"><span class='ocrx_word' id='word_1_26' title='bbox 0 319 77 356; x_wconf 95' lang='lat' dir='ltr'><strong> </strong></span> 
     </span>
    </p>
   </div>
   <div class='ocr_carea' id='block_1_5' title="bbox 172 357 1491 1791">
    <p class='ocr_par' dir='ltr' id='par_1_5' title="bbox 182 357 1491 851">
     <span class='ocr_line' id='line_1_6' title="bbox 186 357 1490 421; baseline 0.001 -19"><span class='ocrx_word' id='word_1_27' title='bbox 186 367 228 403; x_wconf 89' lang='lat' dir='ltr'><strong>ut</strong></span> <span class='ocrx_word' id='word_1_28' title='bbox 262 363 350 402; x_wconf 88' lang='lat' dir='ltr'><strong>huic</strong></span> <span class='ocrx_word' id='word_1_29' title='bbox 383 357 522 421; x_wconf 81' lang='lat' dir='ltr'><strong>terrae</strong></span> <span class='ocrx_word' id='word_1_30' title='bbox 547 365 741 414; x_wconf 83' lang='lat' dir='ltr'><strong>patrisque</strong></span> <span class='ocrx_word' id='word_1_31' title='bbox 780 366 952 416; x_wconf 88' lang='lat' dir='ltr'><strong>sepulcro</strong></span> <span class='ocrx_word' id='word_1_32' title='bbox 988 365 1060 404; x_wconf 89' lang='grc' dir='ltr'><strong>11οο</strong></span> <span class='ocrx_word' id='word_1_33' title='bbox 1099 364 1286 404; x_wconf 87' lang='lat' dir='ltr'><strong>somnium</strong></span> <span class='ocrx_word' id='word_1_34' title='bbox 1324 376 1394 415; x_wconf 88' lang='lat' dir='ltr'><strong>per</strong></span> <span class='ocrx_word' id='word_1_35' title='bbox 1428 377 1490 403; x_wconf 92' lang='lat' dir='ltr'><strong>me</strong></span> 
     </span>
     <span class='ocr_line' id='line_1_7' title="bbox 186 428 1487 491; baseline 0.001 -16"><span class='ocrx_word' id='word_1_36' title='bbox 186 438 310 475; x_wconf 84' lang='lat' dir='ltr'><strong>ratum</strong></span> <span class='ocrx_word' id='word_1_37' title='bbox 335 428 414 487; x_wconf 83' lang='lat' dir='ltr'><strong>fiat,</strong></span> <span class='ocrx_word' id='word_1_38' title='bbox 440 439 483 474; x_wconf 84' lang='lat' dir='ltr'><strong>ut</strong></span> <span class='ocrx_word' id='word_1_39' title='bbox 495 435 567 475; x_wconf 83' lang='lat' dir='ltr'><strong>hoc</strong></span> <span class='ocrx_word' id='word_1_40' title='bbox 594 435 781 476; x_wconf 86' lang='lat' dir='ltr'><strong>somnium</strong></span> <span class='ocrx_word' id='word_1_41' title='bbox 807 449 876 491; x_wconf 81' lang='lat' dir='ltr'><strong>per</strong></span> <span class='ocrx_word' id='word_1_42' title='bbox 888 449 950 477; x_wconf 91' lang='lat' dir='ltr'><strong>me</strong></span> <span class='ocrx_word' id='word_1_43' title='bbox 975 435 1072 475; x_wconf 90' lang='lat' dir='ltr'><strong>bene</strong></span> <span class='ocrx_word' id='word_1_44' title='bbox 1099 436 1249 476; x_wconf 78' lang='lat' dir='ltr'><strong>eveniat</strong></span> <span class='ocrx_word' id='word_1_45' title='bbox 1262 435 1487 486; x_wconf 77' lang='lat' dir='ltr'><strong>evadatque.</strong></span> 
     </span>
     <span class='ocr_line' id='line_1_8' title="bbox 185 507 1490 559; baseline 0.002 -13"><span class='ocrx_word' id='word_1_46' title='bbox 185 508 290 547; x_wconf 81' lang='lat' dir='ltr'><strong>Dicit</strong></span> <span class='ocrx_word' id='word_1_47' title='bbox 327 507 443 559; x_wconf 81' lang='lat' dir='ltr'><strong>igitur</strong></span> <span class='ocrx_word' id='word_1_48' title='bbox 475 508 628 548; x_wconf 78' lang='lat' dir='ltr'><strong>Orestes</strong></span> <span class='ocrx_word' id='word_1_49' title='bbox 667 508 760 549; x_wconf 82' lang='lat' dir='ltr'><strong>deos</strong></span> <span class='ocrx_word' id='word_1_50' title='bbox 799 511 1000 549; x_wconf 84' lang='lat' dir='ltr'><strong>invocans:</strong></span> <span class='ocrx_word' id='word_1_51' title='bbox 1049 509 1192 548; x_wconf 86' lang='lat' dir='ltr'><strong>utinam</strong></span> <span class='ocrx_word' id='word_1_52' title='bbox 1232 509 1377 549; x_wconf 88' lang='lat' dir='ltr'><strong>somnio</strong></span> <span class='ocrx_word' id='word_1_53' title='bbox 1417 509 1490 548; x_wconf 88' lang='lat' dir='ltr'><strong>hoc</strong></span> 
     </span>
     <span class='ocr_line' id='line_1_9' title="bbox 187 580 1490 634; baseline 0.001 -14"><span class='ocrx_word' id='word_1_54' title='bbox 187 580 280 620; x_wconf 85' lang='lat' dir='ltr'><strong>mihi</strong></span> <span class='ocrx_word' id='word_1_55' title='bbox 306 580 450 621; x_wconf 87' lang='lat' dir='ltr'><strong>licitum</strong></span> <span class='ocrx_word' id='word_1_56' title='bbox 465 592 549 621; x_wconf 84' lang='lat' dir='ltr'><strong>esse</strong></span> <span class='ocrx_word' id='word_1_57' title='bbox 574 581 832 633; x_wconf 82' lang='lat' dir='ltr'><strong>portendatur,</strong></span> <span class='ocrx_word' id='word_1_58' title='bbox 859 586 901 622; x_wconf 90' lang='lat' dir='ltr'><strong>ut</strong></span> <span class='ocrx_word' id='word_1_59' title='bbox 925 581 1089 634; x_wconf 84' lang='lat' dir='ltr'><strong>patriam</strong></span> <span class='ocrx_word' id='word_1_60' title='bbox 1115 594 1137 621; x_wconf 92' lang='grc'><strong>0</strong></span> <span class='ocrx_word' id='word_1_61' title='bbox 1163 581 1354 633; x_wconf 86' lang='lat' dir='ltr'><strong>servitute,</strong></span> <span class='ocrx_word' id='word_1_62' title='bbox 1381 580 1490 632; x_wconf 78' lang='lat' dir='ltr'><strong>cujus</strong></span> 
     </span>
     <span class='ocr_line' id='line_1_10' title="bbox 182 652 1491 707; baseline 0.001 -15"><span class='ocrx_word' id='word_1_63' title='bbox 182 654 320 704; x_wconf 86' lang='lat' dir='ltr'><strong>jugum</strong></span> <span class='ocrx_word' id='word_1_64' title='bbox 344 652 370 703; x_wconf 78' lang='grc' dir='ltr'>ἡ</span> <span class='ocrx_word' id='word_1_65' title='bbox 401 652 515 703; x_wconf 75' lang='grc' dir='ltr'><strong><em>διπλῆ</em></strong></span> <span class='ocrx_word' id='word_1_66' title='bbox 544 654 727 704; x_wconf 78' lang='grc' dir='ltr'><strong><em>τυραννὶς</em></strong></span> <span class='ocrx_word' id='word_1_67' title='bbox 765 653 888 707; x_wconf 78' lang='grc' dir='ltr'><strong><em>χώρας</em></strong></span> <span class='ocrx_word' id='word_1_68' title='bbox 922 678 973 683; x_wconf 94' lang='grc'>-</span> <span class='ocrx_word' id='word_1_69' title='bbox 999 668 1035 693; x_wconf 91' lang='lat' dir='ltr'><strong>v.</strong></span> <span class='ocrx_word' id='word_1_70' title='bbox 1063 656 1139 693; x_wconf 83' lang='lat'><strong>973</strong></span> <span class='ocrx_word' id='word_1_71' title='bbox 1168 676 1214 681; x_wconf 90' lang='lat'>—</span> <span class='ocrx_word' id='word_1_72' title='bbox 1253 654 1398 693; x_wconf 82' lang='lat' dir='ltr'><strong>civibus</strong></span> <span class='ocrx_word' id='word_1_73' title='bbox 1423 655 1491 693; x_wconf 88' lang='lat' dir='ltr'><strong>im-</strong></span> 
     </span>
     <span class='ocr_line' id='line_1_11' title="bbox 187 726 1490 778; baseline 0 -13"><span class='ocrx_word' id='word_1_74' title='bbox 187 726 325 777; x_wconf 86' lang='lat' dir='ltr'><strong>posuit,</strong></span> <span class='ocrx_word' id='word_1_75' title='bbox 357 726 398 765; x_wconf 90' lang='lat' dir='ltr'><strong>in</strong></span> <span class='ocrx_word' id='word_1_76' title='bbox 423 726 637 766; x_wconf 87' lang='lat' dir='ltr'><strong>libertatem</strong></span> <span class='ocrx_word' id='word_1_77' title='bbox 663 726 852 767; x_wconf 87' lang='lat' dir='ltr'><strong>vindicem</strong></span> <span class='ocrx_word' id='word_1_78' title='bbox 879 731 994 777; x_wconf 84' lang='lat' dir='ltr'><strong>atque</strong></span> <span class='ocrx_word' id='word_1_79' title='bbox 1019 727 1069 767; x_wconf 82' lang='lat' dir='ltr'><strong>ab</strong></span> <span class='ocrx_word' id='word_1_80' title='bbox 1095 726 1395 766; x_wconf 82' lang='lat' dir='ltr'><strong>interfectoribus</strong></span> <span class='ocrx_word' id='word_1_81' title='bbox 1421 738 1490 778; x_wconf 85' lang='lat' dir='ltr'><strong>pro</strong></span> 
     </span>
     <span class='ocr_line' id='line_1_12' title="bbox 187 799 1357 851; baseline -0.002 -13"><span class='ocrx_word' id='word_1_82' title='bbox 187 802 296 849; x_wconf 82' lang='lat' dir='ltr'><strong>patre</strong></span> <span class='ocrx_word' id='word_1_83' title='bbox 322 799 449 837; x_wconf 87' lang='lat' dir='ltr'><strong>occiso</strong></span> <span class='ocrx_word' id='word_1_84' title='bbox 474 811 639 850; x_wconf 81' lang='lat' dir='ltr'><strong>poenam</strong></span> <span class='ocrx_word' id='word_1_85' title='bbox 665 804 804 851; x_wconf 83' lang='lat' dir='ltr'><strong>petam,</strong></span> <span class='ocrx_word' id='word_1_86' title='bbox 831 804 873 838; x_wconf 91' lang='lat' dir='ltr'><strong>ut</strong></span> <span class='ocrx_word' id='word_1_87' title='bbox 899 800 1051 839; x_wconf 83' lang='lat' dir='ltr'><strong>Orestes</strong></span> <span class='ocrx_word' id='word_1_88' title='bbox 1077 813 1113 838; x_wconf 89' lang='lat' dir='ltr'><strong>v.</strong></span> <span class='ocrx_word' id='word_1_89' title='bbox 1128 800 1206 838; x_wconf 84' lang='lat'><strong>302</strong></span> <span class='ocrx_word' id='word_1_90' title='bbox 1232 811 1357 848; x_wconf 91' lang='lat' dir='ltr'><strong>seqq.:</strong></span> 
     </span>
    </p>

    <p class='ocr_par' dir='ltr' id='par_1_6' title="bbox 313 869 937 922">
     <span class='ocr_line' id='line_1_13' title="bbox 313 869 937 922; baseline 0.003 -13"><span class='ocrx_word' id='word_1_91' title='bbox 313 869 358 910; x_wconf 81' lang='grc' dir='ltr'><strong>τὸ</strong></span> <span class='ocrx_word' id='word_1_92' title='bbox 385 869 444 921; x_wconf 75' lang='grc' dir='ltr'><strong>μὴ</strong></span> <span class='ocrx_word' id='word_1_93' title='bbox 471 871 634 918; x_wconf 79' lang='grc' dir='ltr'><strong><em>πολίτας</em></strong></span> <span class='ocrx_word' id='word_1_94' title='bbox 661 895 710 900; x_wconf 93' lang='grc'><strong>-</strong></span> <span class='ocrx_word' id='word_1_95' title='bbox 737 873 861 922; x_wconf 84' lang='lat' dir='ltr'><strong>inquit</strong></span> <span class='ocrx_word' id='word_1_96' title='bbox 887 896 937 901; x_wconf 92' lang='lat'>—</span> 
     </span>
    </p>

    <p class='ocr_par' dir='ltr' id='par_1_7' title="bbox 172 940 1206 1057">
     <span class='ocr_line' id='line_1_14' title="bbox 312 940 1206 995; baseline 0.002 -14"><span class='ocrx_word' id='word_1_97' title='bbox 312 942 421 982; x_wconf 76' lang='grc' dir='ltr'><strong><em>δυοῖν</em></strong></span> <span class='ocrx_word' id='word_1_98' title='bbox 447 951 648 995; x_wconf 77' lang='grc' dir='ltr'><strong><em>γυναικοῖν</em></strong></span> <span class='ocrx_word' id='word_1_99' title='bbox 675 940 740 983; x_wconf 74' lang='grc' dir='ltr'><strong>ὧδ’</strong></span> <span class='ocrx_word' id='word_1_100' title='bbox 770 942 971 994; x_wconf 65' lang='grc' dir='ltr'><strong><em>’ὑπηκόους</em></strong></span> <span class='ocrx_word' id='word_1_101' title='bbox 997 944 1128 983; x_wconf 82' lang='grc' dir='ltr'><strong><em>πέλειν</em></strong></span> <span class='ocrx_word' id='word_1_102' title='bbox 1153 967 1206 972; x_wconf 93' lang='grc'><strong>-</strong></span> 
     </span>
     <span class='ocr_line' id='line_1_15' title="bbox 172 1012 828 1057; baseline -0.002 0"><span class='ocrx_word' id='word_1_103' title='bbox 172 1019 225 1057; x_wconf 84' lang='lat' dir='ltr'><strong>&#39;et</strong></span> <span class='ocrx_word' id='word_1_104' title='bbox 250 1030 287 1057; x_wconf 73' lang='lat' dir='ltr'><strong>v.</strong></span> <span class='ocrx_word' id='word_1_105' title='bbox 316 1017 410 1056; x_wconf 85' lang='lat'><strong>397:</strong></span> <span class='ocrx_word' id='word_1_106' title='bbox 826 1012 828 1014; x_wconf 59' lang='grc'>’</span> 
     </span>
    </p>

    <p class='ocr_par' dir='ltr' id='par_1_8' title="bbox 190 1087 806 1202">
     <span class='ocr_line' id='line_1_16' title="bbox 312 1087 806 1141; baseline -0.002 -13"><span class='ocrx_word' id='word_1_107' title='bbox 312 1087 431 1128; x_wconf 80' lang='grc' dir='ltr'><strong><em>πιστοὶ</em></strong></span> <span class='ocrx_word' id='word_1_108' title='bbox 457 1089 608 1141; x_wconf 75' lang='grc' dir='ltr'><strong><em>γένοιτο</em></strong></span> <span class='ocrx_word' id='word_1_109' title='bbox 634 1088 736 1141; x_wconf 84' lang='grc' dir='ltr'><em>χώρᾳ</em></span> <span class='ocrx_word' id='word_1_110' title='bbox 756 1113 806 1118; x_wconf 86' lang='lat'>—</span> 
     </span>
     <span class='ocr_line' id='line_1_17' title="bbox 190 1162 745 1202; baseline 0 -1"><span class='ocrx_word' id='word_1_111' title='bbox 190 1166 227 1201; x_wconf 89' lang='lat' dir='ltr'><strong>et</strong></span> <span class='ocrx_word' id='word_1_112' title='bbox 254 1162 390 1202; x_wconf 86' lang='lat' dir='ltr'><strong>chorus</strong></span> <span class='ocrx_word' id='word_1_113' title='bbox 416 1176 452 1202; x_wconf 87' lang='lat' dir='ltr'><strong>v.</strong></span> <span class='ocrx_word' id='word_1_114' title='bbox 483 1162 593 1202; x_wconf 84' lang='grc'><strong>1046.</strong></span> <span class='ocrx_word' id='word_1_115' title='bbox 624 1164 745 1202; x_wconf 85' lang='lat'>1047:</span> 
     </span>
    </p>

    <p class='ocr_par' dir='ltr' id='par_1_9' title="bbox 312 1232 1113 1287">
     <span class='ocr_line' id='line_1_18' title="bbox 312 1232 1113 1287; baseline 0.001 -15"><span class='ocrx_word' id='word_1_116' title='bbox 312 1232 587 1284; x_wconf 77' lang='grc' dir='ltr'><strong><em>ἦλευθέρωσας</em></strong></span> <span class='ocrx_word' id='word_1_117' title='bbox 613 1237 749 1273; x_wconf 86' lang='grc' dir='ltr'><strong><em>πᾶσαν</em></strong></span> <span class='ocrx_word' id='word_1_118' title='bbox 772 1233 955 1287; x_wconf 78' lang='grc' dir='ltr'><strong><em>Ἀργείων</em></strong></span> <span class='ocrx_word' id='word_1_119' title='bbox 983 1233 1113 1281; x_wconf 80' lang='grc' dir='ltr'><strong><em>πόλιν,</em></strong></span> 
     </span>
    </p>

    <p class='ocr_par' dir='ltr' id='par_1_10' title="bbox 187 1304 1490 1791">
     <span class='ocr_line' id='line_1_19' title="bbox 313 1304 1174 1358; baseline 0 -14"><span class='ocrx_word' id='word_1_120' title='bbox 313 1305 421 1344; x_wconf 82' lang='grc' dir='ltr'><strong><em>δυοῖν</em></strong></span> <span class='ocrx_word' id='word_1_121' title='bbox 448 1304 681 1355; x_wconf 77' lang='grc' dir='ltr'><strong><em>δρακόντοιν</em></strong></span> <span class='ocrx_word' id='word_1_122' title='bbox 708 1306 878 1351; x_wconf 75' lang='grc' dir='ltr'><strong><em>εὐπετῶς</em></strong></span> <span class='ocrx_word' id='word_1_123' title='bbox 904 1305 1034 1358; x_wconf 76' lang='grc' dir='ltr'><strong><em>τεμών</em></strong></span> <span class='ocrx_word' id='word_1_124' title='bbox 1061 1305 1174 1357; x_wconf 75' lang='grc' dir='ltr'><strong><em>κάρα.</em></strong></span> 
     </span>
     <span class='ocr_line' id='line_1_20' title="bbox 188 1376 1490 1430; baseline 0.002 -14"><span class='ocrx_word' id='word_1_125' title='bbox 188 1378 248 1417; x_wconf 81' lang='lat' dir='ltr'><strong>De</strong></span> <span class='ocrx_word' id='word_1_126' title='bbox 282 1377 424 1417; x_wconf 79' lang='lat' dir='ltr'><strong>dativis</strong></span> <span class='ocrx_word' id='word_1_127' title='bbox 459 1377 646 1417; x_wconf 81' lang='lat' dir='ltr'><strong>commodi</strong></span> <span class='ocrx_word' id='word_1_128' title='bbox 679 1381 728 1430; x_wconf 82' lang='grc' dir='ltr'><strong>γῇ</strong></span> <span class='ocrx_word' id='word_1_129' title='bbox 756 1378 851 1430; x_wconf 76' lang='grc' dir='ltr'><strong><em>τῇδε</em></strong></span> <span class='ocrx_word' id='word_1_130' title='bbox 886 1378 949 1417; x_wconf 80' lang='grc' dir='ltr'><strong>καὶ</strong></span> <span class='ocrx_word' id='word_1_131' title='bbox 984 1376 1134 1428; x_wconf 79' lang='grc' dir='ltr'><strong><em>πατρὸς</em></strong></span> <span class='ocrx_word' id='word_1_132' title='bbox 1168 1377 1277 1430; x_wconf 82' lang='grc' dir='ltr'><strong><em>τάφῳ</em></strong></span> <span class='ocrx_word' id='word_1_133' title='bbox 1311 1391 1387 1417; x_wconf 87' lang='grc'><strong>11011</strong></span> <span class='ocrx_word' id='word_1_134' title='bbox 1420 1383 1490 1429; x_wconf 77' lang='lat' dir='ltr'><strong>est,</strong></span> 
     </span>
     <span class='ocr_line' id='line_1_21' title="bbox 189 1449 1490 1503; baseline 0.001 -13"><span class='ocrx_word' id='word_1_135' title='bbox 189 1449 291 1500; x_wconf 86' lang='lat' dir='ltr'><strong>quod</strong></span> <span class='ocrx_word' id='word_1_136' title='bbox 316 1449 450 1490; x_wconf 76' lang='lat' dir='ltr'><strong>dicam.</strong></span> <span class='ocrx_word' id='word_1_137' title='bbox 503 1450 669 1490; x_wconf 86' lang='lat' dir='ltr'><strong>Verbum</strong></span> <span class='ocrx_word' id='word_1_138' title='bbox 703 1454 830 1490; x_wconf 86' lang='lat' dir='ltr'><strong>autem</strong></span> <span class='ocrx_word' id='word_1_139' title='bbox 864 1449 1048 1503; x_wconf 75' lang='grc' dir='ltr'><strong><em>εὔχεσθαι</em></strong></span> <span class='ocrx_word' id='word_1_140' title='bbox 1086 1450 1293 1502; x_wconf 84' lang='lat' dir='ltr'><strong>„precari“,</strong></span> <span class='ocrx_word' id='word_1_141' title='bbox 1332 1463 1490 1503; x_wconf 84' lang='lat' dir='ltr'><strong>„preces</strong></span> 
     </span>
     <span class='ocr_line' id='line_1_22' title="bbox 187 1522 1490 1574; baseline 0.001 -12"><span class='ocrx_word' id='word_1_142' title='bbox 187 1523 336 1563; x_wconf 73' lang='lat' dir='ltr'><strong>facere“</strong></span> <span class='ocrx_word' id='word_1_143' title='bbox 377 1523 557 1574; x_wconf 82' lang='lat' dir='ltr'><strong>conjungi</strong></span> <span class='ocrx_word' id='word_1_144' title='bbox 596 1522 749 1573; x_wconf 83' lang='lat' dir='ltr'><strong>quidem</strong></span> <span class='ocrx_word' id='word_1_145' title='bbox 788 1524 884 1563; x_wconf 86' lang='lat' dir='ltr'><strong>solet</strong></span> <span class='ocrx_word' id='word_1_146' title='bbox 919 1535 1034 1573; x_wconf 87' lang='lat' dir='ltr'><strong>quum</strong></span> <span class='ocrx_word' id='word_1_147' title='bbox 1072 1524 1122 1562; x_wconf 87' lang='lat' dir='ltr'><strong>ab</strong></span> <span class='ocrx_word' id='word_1_148' title='bbox 1160 1523 1247 1563; x_wconf 80' lang='lat' dir='ltr'><strong>aliis</strong></span> <span class='ocrx_word' id='word_1_149' title='bbox 1286 1524 1369 1563; x_wconf 84' lang='lat' dir='ltr'><strong>sive</strong></span> <span class='ocrx_word' id='word_1_150' title='bbox 1404 1536 1490 1563; x_wconf 88' lang='lat' dir='ltr'><strong>cum</strong></span> 
     </span>
     <span class='ocr_line' id='line_1_23' title="bbox 187 1594 1489 1647; baseline 0 -12"><span class='ocrx_word' id='word_1_151' title='bbox 187 1595 318 1637; x_wconf 77' lang='lat' dir='ltr'><strong>dativo</strong></span> <span class='ocrx_word' id='word_1_152' title='bbox 345 1596 426 1636; x_wconf 84' lang='lat' dir='ltr'><strong>sive</strong></span> <span class='ocrx_word' id='word_1_153' title='bbox 459 1608 544 1635; x_wconf 89' lang='grc'><strong>011111</strong></span> <span class='ocrx_word' id='word_1_154' title='bbox 578 1596 794 1636; x_wconf 80' lang='lat' dir='ltr'><strong>accusativo</strong></span> <span class='ocrx_word' id='word_1_155' title='bbox 830 1596 912 1643; x_wconf 86' lang='lat' dir='ltr'><strong>sive</strong></span> <span class='ocrx_word' id='word_1_156' title='bbox 951 1608 1037 1636; x_wconf 91' lang='lat' dir='ltr'><strong>cum</strong></span> <span class='ocrx_word' id='word_1_157' title='bbox 1069 1595 1352 1647; x_wconf 84' lang='lat' dir='ltr'><strong>praepositione</strong></span> <span class='ocrx_word' id='word_1_158' title='bbox 1389 1594 1489 1646; x_wconf 76' lang='grc' dir='ltr'><strong><em>πρὸς</em></strong></span> 
     </span>
     <span class='ocr_line' id='line_1_24' title="bbox 189 1667 1490 1718; baseline -0.001 -11"><span class='ocrx_word' id='word_1_159' title='bbox 189 1681 221 1707; x_wconf 90' lang='grc'><strong>0.</strong></span> <span class='ocrx_word' id='word_1_160' title='bbox 248 1680 327 1707; x_wconf 80' lang='lat' dir='ltr'><strong>aco.</strong></span> <span class='ocrx_word' id='word_1_161' title='bbox 355 1680 601 1718; x_wconf 80' lang='lat' dir='ltr'><strong>personarum</strong></span> <span class='ocrx_word' id='word_1_162' title='bbox 634 1668 717 1706; x_wconf 88' lang='lat' dir='ltr'><strong>sive</strong></span> <span class='ocrx_word' id='word_1_163' title='bbox 750 1668 837 1706; x_wconf 87' lang='lat' dir='ltr'><strong>aliis</strong></span> <span class='ocrx_word' id='word_1_164' title='bbox 868 1667 991 1707; x_wconf 82' lang='lat' dir='ltr'><strong>modis</strong></span> <span class='ocrx_word' id='word_1_165' title='bbox 1022 1671 1102 1706; x_wconf 91' lang='lat' dir='ltr'><strong>tum</strong></span> <span class='ocrx_word' id='word_1_166' title='bbox 1136 1668 1186 1706; x_wconf 87' lang='lat' dir='ltr'><strong>ab</strong></span> <span class='ocrx_word' id='word_1_167' title='bbox 1212 1668 1415 1717; x_wconf 74' lang='lat' dir='ltr'><strong>Aeschyio,</strong></span> <span class='ocrx_word' id='word_1_168' title='bbox 1448 1672 1490 1706; x_wconf 90' lang='lat' dir='ltr'><strong>ut</strong></span> 
     </span>
     <span class='ocr_line' id='line_1_25' title="bbox 188 1739 1488 1791; baseline -0.001 -11"><span class='ocrx_word' id='word_1_169' title='bbox 188 1740 281 1781; x_wconf 85' lang='lat' dir='ltr'><strong>mihi</strong></span> <span class='ocrx_word' id='word_1_170' title='bbox 313 1739 473 1791; x_wconf 86' lang='lat' dir='ltr'><strong>videtur,</strong></span> <span class='ocrx_word' id='word_1_171' title='bbox 513 1752 590 1779; x_wconf 89' lang='lat' dir='ltr'><strong>non</strong></span> <span class='ocrx_word' id='word_1_172' title='bbox 622 1739 696 1779; x_wconf 85' lang='lat' dir='ltr'><strong>nisi</strong></span> <span class='ocrx_word' id='word_1_173' title='bbox 735 1752 822 1779; x_wconf 82' lang='lat' dir='ltr'><strong>cum</strong></span> <span class='ocrx_word' id='word_1_174' title='bbox 860 1739 989 1780; x_wconf 71' lang='lat' dir='ltr'><strong>dativo</strong></span> <span class='ocrx_word' id='word_1_175' title='bbox 1024 1751 1222 1791; x_wconf 77' lang='lat' dir='ltr'><strong>personae,</strong></span> <span class='ocrx_word' id='word_1_176' title='bbox 1261 1752 1295 1779; x_wconf 90' lang='grc'><strong>0.</strong></span> <span class='ocrx_word' id='word_1_177' title='bbox 1321 1753 1358 1791; x_wconf 86' lang='lat' dir='ltr'><strong>g.</strong></span> <span class='ocrx_word' id='word_1_178' title='bbox 1385 1741 1488 1779; x_wconf 81' lang='lat' dir='ltr'><strong>Pers.</strong></span> 
     </span>
    </p>
   </div>
   <div class='ocr_carea' id='block_1_6' title="bbox 117 1813 346 1852">
    <p class='ocr_par' dir='ltr' id='par_1_11' title="bbox 117 1813 346 1852">
     <span class='ocr_line' id='line_1_26' title="bbox 117 1813 346 1852; baseline -0.013 1"><span class='ocrx_word' id='word_1_179' title='bbox 117 1818 119 1820; x_wconf 79' lang='grc'><strong>’</strong></span> <span class='ocrx_word' id='word_1_180' title='bbox 188 1826 225 1852; x_wconf 88' lang='lat' dir='ltr'><strong>v.</strong></span> <span class='ocrx_word' id='word_1_181' title='bbox 252 1813 346 1852; x_wconf 82' lang='lat'>522:</span> 
     </span>
    </p>
   </div>
   <div class='ocr_carea' id='block_1_7' title="bbox 0 2749 163 2831">
    <p class='ocr_par' dir='ltr' id='par_1_12' title="bbox 0 2749 163 2831">
     <span class='ocr_line' id='line_1_27' title="bbox 0 2749 163 2831; baseline 0 0"><span class='ocrx_word' id='word_1_182' title='bbox 0 2749 163 2831; x_wconf 95' lang='lat' dir='ltr'><strong> </strong></span> 
     </span>
    </p>
   </div>
   <div class='ocr_carea' id='block_1_8' title="bbox 188 1882 1491 2518">
    <p class='ocr_par' dir='ltr' id='par_1_13' title="bbox 188 1882 1491 2226">
     <span class='ocr_line' id='line_1_28' title="bbox 313 1882 1149 1934; baseline 0.001 -13"><span class='ocrx_word' id='word_1_183' title='bbox 313 1888 424 1927; x_wconf 80' lang='grc' dir='ltr'><strong><em>θεοῖς</em></strong></span> <span class='ocrx_word' id='word_1_184' title='bbox 449 1885 526 1934; x_wconf 80' lang='grc' dir='ltr'><strong>μὲν</strong></span> <span class='ocrx_word' id='word_1_185' title='bbox 552 1887 709 1934; x_wconf 82' lang='grc' dir='ltr'><strong><em>πρῶτον</em></strong></span> <span class='ocrx_word' id='word_1_186' title='bbox 736 1882 925 1928; x_wconf 78' lang='grc' dir='ltr'><strong><em>εὔξασθαι</em></strong></span> <span class='ocrx_word' id='word_1_187' title='bbox 950 1883 1053 1922; x_wconf 75' lang='grc' dir='ltr'><strong><em>θέλω</em></strong></span> <span class='ocrx_word' id='word_1_188' title='bbox 1084 1900 1149 1932; x_wconf 86' lang='grc'><strong>-,·</strong></span> 
     </span>
     <span class='ocr_line' id='line_1_29' title="bbox 189 1944 1489 2007; baseline -0.001 -11"><span class='ocrx_word' id='word_1_189' title='bbox 189 1970 265 1998; x_wconf 87' lang='grc'><strong>11011</strong></span> <span class='ocrx_word' id='word_1_190' title='bbox 291 1969 376 1996; x_wconf 84' lang='lat' dir='ltr'><strong>raro</strong></span> <span class='ocrx_word' id='word_1_191' title='bbox 403 1960 529 1996; x_wconf 85' lang='lat' dir='ltr'><strong>tamen</strong></span> <span class='ocrx_word' id='word_1_192' title='bbox 556 1944 669 2005; x_wconf 89' lang='lat' dir='ltr'><strong>quum</strong></span> <span class='ocrx_word' id='word_1_193' title='bbox 695 1956 762 1996; x_wconf 85' lang='lat' dir='ltr'><strong>alii</strong></span> <span class='ocrx_word' id='word_1_194' title='bbox 788 1960 868 1995; x_wconf 91' lang='lat' dir='ltr'><strong>tum</strong></span> <span class='ocrx_word' id='word_1_195' title='bbox 893 1955 1105 2007; x_wconf 78' lang='lat' dir='ltr'><strong>Aeschylus</strong></span> <span class='ocrx_word' id='word_1_196' title='bbox 1131 1956 1204 1996; x_wconf 86' lang='lat' dir='ltr'><strong>hoc</strong></span> <span class='ocrx_word' id='word_1_197' title='bbox 1229 1956 1358 2007; x_wconf 87' lang='lat' dir='ltr'><strong>verbo,</strong></span> <span class='ocrx_word' id='word_1_198' title='bbox 1399 1968 1489 2006; x_wconf 90' lang='lat' dir='ltr'><strong>quo—</strong></span> 
     </span>
     <span class='ocr_line' id='line_1_30' title="bbox 188 2019 1491 2087; baseline -0.002 -17"><span class='ocrx_word' id='word_1_199' title='bbox 188 2019 428 2087; x_wconf 29' lang='lat' dir='ltr'><strong>niam-facile</strong></span> <span class='ocrx_word' id='word_1_200' title='bbox 464 2028 675 2080; x_wconf 84' lang='lat' dir='ltr'><strong>cogitantur</strong></span> <span class='ocrx_word' id='word_1_201' title='bbox 701 2027 772 2080; x_wconf 87' lang='lat' dir='ltr'><strong>dii,</strong></span> <span class='ocrx_word' id='word_1_202' title='bbox 806 2027 858 2068; x_wconf 77' lang='lat' dir='ltr'><strong>ad</strong></span> <span class='ocrx_word' id='word_1_203' title='bbox 884 2040 979 2078; x_wconf 89' lang='lat' dir='ltr'><strong>quos</strong></span> <span class='ocrx_word' id='word_1_204' title='bbox 1013 2028 1151 2079; x_wconf 85' lang='lat' dir='ltr'><strong>aliquis</strong></span> <span class='ocrx_word' id='word_1_205' title='bbox 1184 2031 1372 2081; x_wconf 86' lang='lat' dir='ltr'><strong>precatur,</strong></span> <span class='ocrx_word' id='word_1_206' title='bbox 1406 2028 1491 2068; x_wconf 85' lang='lat' dir='ltr'><strong>sine</strong></span> 
     </span>
     <span class='ocr_line' id='line_1_31' title="bbox 188 2087 1490 2158; baseline -0.002 -16"><span class='ocrx_word' id='word_1_207' title='bbox 188 2114 353 2155; x_wconf 81' lang='lat' dir='ltr'><strong>persona</strong></span> <span class='ocrx_word' id='word_1_208' title='bbox 379 2087 542 2152; x_wconf 73' lang='lat' dir='ltr'><strong>quidern,</strong></span> <span class='ocrx_word' id='word_1_209' title='bbox 569 2100 638 2140; x_wconf 88' lang='lat' dir='ltr'><strong>sed</strong></span> <span class='ocrx_word' id='word_1_210' title='bbox 665 2113 750 2140; x_wconf 86' lang='lat' dir='ltr'><strong>cum</strong></span> <span class='ocrx_word' id='word_1_211' title='bbox 775 2100 948 2158; x_wconf 69' lang='lat' dir='ltr'><strong>sequenti</strong></span> <span class='ocrx_word' id='word_1_212' title='bbox 973 2101 1193 2143; x_wconf 77' lang='lat' dir='ltr'><strong>accusativo</strong></span> <span class='ocrx_word' id='word_1_213' title='bbox 1206 2113 1291 2142; x_wconf 88' lang='grc'><strong>011111</strong></span> <span class='ocrx_word' id='word_1_214' title='bbox 1303 2101 1490 2143; x_wconf 79' lang='lat' dir='ltr'><strong>infinitivo</strong></span> 
     </span>
     <span class='ocr_line' id='line_1_32' title="bbox 191 2158 954 2226; baseline -0.005 -10"><span class='ocrx_word' id='word_1_215' title='bbox 191 2175 392 2226; x_wconf 80' lang='lat' dir='ltr'><strong>conjuncto</strong></span> <span class='ocrx_word' id='word_1_216' title='bbox 419 2177 582 2224; x_wconf 86' lang='lat' dir='ltr'><strong>utu-ntur,</strong></span> <span class='ocrx_word' id='word_1_217' title='bbox 609 2176 651 2212; x_wconf 88' lang='lat' dir='ltr'><strong>ut</strong></span> <span class='ocrx_word' id='word_1_218' title='bbox 675 2186 712 2213; x_wconf 89' lang='lat' dir='ltr'><strong>v.</strong></span> <span class='ocrx_word' id='word_1_219' title='bbox 741 2158 828 2214; x_wconf 79' lang='lat'><strong>212.</strong></span> <span class='ocrx_word' id='word_1_220' title='bbox 858 2174 954 2213; x_wconf 80' lang='lat'>213:</span> 
     </span>
    </p>

    <p class='ocr_par' dir='ltr' id='par_1_14' title="bbox 315 2244 1190 2299">
     <span class='ocr_line' id='line_1_33' title="bbox 315 2244 1190 2299; baseline 0 -13"><span class='ocrx_word' id='word_1_221' title='bbox 315 2246 428 2299; x_wconf 79' lang='grc' dir='ltr'><strong><em>εὔχου</em></strong></span> <span class='ocrx_word' id='word_1_222' title='bbox 453 2245 502 2284; x_wconf 74' lang='grc' dir='ltr'><strong>τοὶ</strong></span> <span class='ocrx_word' id='word_1_223' title='bbox 526 2244 658 2292; x_wconf 78' lang='grc' dir='ltr'><strong><em>λοιποὶ,</em></strong></span> <span class='ocrx_word' id='word_1_224' title='bbox 689 2249 909 2290; x_wconf 76' lang='grc' dir='ltr'><strong><em>τοῖς·θ,εοῑς</em></strong></span> <span class='ocrx_word' id='word_1_225' title='bbox 935 2244 1190 2297; x_wconf 78' lang='grc' dir='ltr'><strong><em>τελεσφόρους</em></strong></span> 
     </span>
    </p>

    <p class='ocr_par' dir='ltr' id='par_1_15' title="bbox 191 2312 1203 2443">
     <span class='ocr_line' id='line_1_34' title="bbox 314 2312 1203 2372; baseline -0.001 -14"><span class='ocrx_word' id='word_1_226' title='bbox 314 2317 425 2372; x_wconf 76' lang='grc' dir='ltr'><strong><em>εὐχὰς</em></strong></span> <span class='ocrx_word' id='word_1_227' title='bbox 452 2319 751 2371; x_wconf 75' lang='grc' dir='ltr'><strong><em>ἐπαγγέλλουσα,</em></strong></span> <span class='ocrx_word' id='word_1_228' title='bbox 781 2312 983 2371; x_wconf 68' lang='grc' dir='ltr'><strong><em>τυγχάνειν</em></strong></span> <span class='ocrx_word' id='word_1_229' title='bbox 1008 2319 1130 2363; x_wconf 81' lang='grc' dir='ltr'><strong><em>καλῶς</em></strong></span> <span class='ocrx_word' id='word_1_230' title='bbox 1159 2343 1203 2349; x_wconf 90' lang='grc'><strong>-</strong></span> 
     </span>
     <span class='ocr_line' id='line_1_35' title="bbox 191 2393 553 2443; baseline -0.008 -11"><span class='ocrx_word' id='word_1_231' title='bbox 191 2397 230 2433; x_wconf 88' lang='lat' dir='ltr'><strong>et</strong></span> <span class='ocrx_word' id='word_1_232' title='bbox 255 2393 359 2443; x_wconf 85' lang='lat' dir='ltr'><strong>Sept.</strong></span> <span class='ocrx_word' id='word_1_233' title='bbox 386 2405 423 2430; x_wconf 89' lang='lat' dir='ltr'><strong>v.</strong></span> <span class='ocrx_word' id='word_1_234' title='bbox 450 2393 553 2430; x_wconf 85' lang='lat'><strong>266:</strong></span> 
     </span>
    </p>

    <p class='ocr_par' dir='ltr' id='par_1_16' title="bbox 301 2461 1230 2518">
     <span class='ocr_line' id='line_1_36' title="bbox 301 2461 1230 2518; baseline -0.001 -14"><span class='ocrx_word' id='word_1_235' title='bbox 301 2463 428 2518; x_wconf 79' lang='grc' dir='ltr'><strong><em>ἐὔχου</em></strong></span> <span class='ocrx_word' id='word_1_236' title='bbox 452 2462 500 2504; x_wconf 80' lang='grc' dir='ltr'><strong>τὰ</strong></span> <span class='ocrx_word' id='word_1_237' title='bbox 520 2462 687 2515; x_wconf 57' lang='grc' dir='ltr'><strong><em>,κρείσσω</em></strong></span> <span class='ocrx_word' id='word_1_238' title='bbox 715 2461 943 2517; x_wconf 75' lang='grc' dir='ltr'><strong><em>ξυμμάχους</em></strong></span> <span class='ocrx_word' id='word_1_239' title='bbox 969 2461 1069 2503; x_wconf 80' lang='grc' dir='ltr'><strong><em>εἶναι</em></strong></span> <span class='ocrx_word' id='word_1_240' title='bbox 1094 2461 1230 2508; x_wconf 76' lang='grc' dir='ltr'><strong><em>θεούς.</em></strong></span> 
     </span>
    </p>
   </div>
  </div>
 </body>
</html>
