1688 2831
192 106 219 160 4

191 210 345 249 Electra
378 222 506 249 sorore
541 222 610 249 sua
643 209 851 258 domusque
877 209 1199 260 Agamemnoniae
1231 209 1382 249 famulis
1408 208 1523 258 (111οῃΔ
1572 198 1574 200 V
1616 256 1623 264 ³

191 281 292 333 ricis',
326 294 424 332 quae
452 268 754 332 Clytaemnestra
778 281 972 321 nocturnis
997 281 1259 321 formidinibus
1284 280 1495 333 perterrita,

132 347 134 349 ’
191 358 233 394 ut
258 347 462 395 inferorum
488 354 565 394 iras
590 354 735 394 inferiis
761 354 964 394 afferendis
989 355 1196 406 placarent,
1232 357 1319 394 sunt
1344 353 1494 393 missae.

192 423 237 465 A·
253 426 388 476 quibus
415 427 588 478 cognitus
614 426 767 466 Orestes
794 439 878 465 cum
914 438 1042 467 sorore
1070 431 1107 466 et
1142 427 1255 467 choro
1288 426 1339 466 ad
1374 426 1494 478 patris

192 500 407 550 sepulcrum
441 500 748 539 lamentationem
786 500 948 551 instituit
985 496 1184 539 invocans
1200 498 1495 550 Agamemnonis

191 571 423 621 deorumque
462 571 665 611 inferorum
699 571 880 610 auxilium
915 571 965 610 ad
1001 559 1160 610 caedem*
1189 569 1494 622 perpetrandam.

191 643 396 690 Quaerenti
422 648 548 683 autem
575 644 716 694 Oresti,
751 656 915 693 quanam
941 656 982 682 re
1008 647 1180 694 permota
1205 647 1325 682 mater
1350 642 1496 682 miserit
1583 693 1585 695 ι
1628 692 1635 698 ,-

190 699 383 767 libamina,
411 719 604 767 exponunt
629 716 795 755 famulae
821 715 1007 755 somnium
1034 714 1127 753 illud
1151 713 1493 765 Clytaemnestra&
1556 735 1559 736 ν

190 789 363 839 reginam
402 789 442 827 in
488 789 629 828 somnis
670 789 790 827 visam
840 800 924 827 esse
971 788 1175 827 draconem
1221 791 1333 838 partu
1382 786 1495 826 edere
1558 794 1566 799 ⁴
1628 771 1676 843 ³³³}

190 860 394 910 fasciisque
429 860 606 912 colligato
641 860 794 899 infantis
827 860 946 899 instar
979 859 1164 910 praebere
1189 871 1410 910 mammam,
1445 869 1495 897 ex

191 945 266 981 qua
292 933 355 970 ille
382 933 443 971 lac
470 945 555 971 cum
591 933 776 982 sanguine
811 933 969 970 mixtum
996 929 1197 971 exsuxerit.
1250 932 1362 978 Quod
1398 944 1494 971 som-

189 1004 293 1042 nium
344 1003 549 1043 secundum
599 1003 754 1042 caedem
795 1004 866 1042 sibi
919 1003 1188 1054 perficiendam
1240 986 1494 1054 interpretans

189 1077 342 1115 Orestes
367 1077 511 1127 pergit:

622 1181 630 1187 ’
670 1179 701 1233 l.
742 1178 1019 1234 Conversio

239 1292 455 1342 „Imprecor
481 1292 606 1343 igitur,
642 1297 683 1331 ut
710 1293 797 1331 huic
833 1297 956 1331 terrae
991 1288 1185 1343 patrisque
1220 1294 1394 1344 sepulcro
1421 1293 1493 1333 hoc

187 1364 374 1402 somnium
400 1365 498 1402 bene
525 1377 594 1415 per
620 1377 680 1403 me
708 1365 857 1403 evadat.
897 1366 1128 1416 Interpretor
1153 1369 1280 1404 autem
1306 1365 1413 1408 illud,
1427 1365 1492 1416 ita,
1593 1414 1603 1422 ⁶

185 1439 227 1474 ut
251 1447 464 1487 congruens
501 1436 550 1475 sit
584 1436 642 1488 iis,
679 1448 777 1486 quae
812 1436 998 1476 accident.
1052 1437 1152 1477 Nam
1187 1448 1343 1489 serpens
1378 1437 1411 1476 si
1442 1448 1493 1475 ex
1616 1463 1619 1466 «
1644 1429 1688 1495 ἢ

186 1507 331 1558 eodem,
367 1520 441 1557 quo
470 1520 540 1558 ego
568 1509 652 1547 loco
680 1508 881 1548 discedens
907 1513 949 1548 ut
974 1509 1099 1548 infans
1131 1509 1261 1548 fasciis
1295 1509 1494 1559 colligatus

187 1582 245 1619 est
255 1579 285 1631 2)
323 1583 437 1630 atquc
472 1580 657 1632 papillam
683 1593 808 1620 meam
834 1581 1017 1621 nutricem
1043 1582 1083 1620 in
1110 1593 1175 1621 ore
1212 1581 1344 1621 habuit
1370 1585 1408 1620 et
1433 1581 1493 1620 lac
1533 1624 1539 1630 ,

156 1680 168 1688 .
186 1651 297 1701 dulce
333 1653 519 1702 sanguine
554 1653 722 1703 miscuit,
759 1654 827 1691 illa
862 1657 988 1692 autem
1022 1665 1115 1704 prae
1150 1666 1293 1704 pavore
1320 1654 1369 1693 ob
1395 1654 1493 1705 hanc

188 1723 444 1763 calamitatem
479 1724 692 1763 lamentans
727 1725 930 1765 clamorem
957 1725 1125 1764 sustulit:
1154 1716 1336 1776 'profecto
1364 1728 1421 1765 est
1446 1725 1494 1776 ei,

190 1795 288 1832 sicut
329 1779 486 1834 nutrivit
525 1796 753 1834 horrendum
793 1801 1011 1846 monstrum,
1051 1796 1285 1835 moriendum
1325 1797 1382 1845 vi,
1423 1808 1494 1846 ego

188 1870 314 1904 autem
355 1866 395 1905 in
435 1866 637 1906 draconem
677 1871 843 1907 mutatus
888 1868 1004 1907 illam.
1038 1868 1222 1908 interficio
1234 1868 1283 1919 ³),
1335 1871 1377 1907 ut
1421 1867 1518 1907 hoc'

188 1938 375 1975 somnium
401 1938 557 1976 indicat.
614 1940 671 1977 Te
706 1944 832 1978 autem
866 1940 915 1977 de
950 1940 1008 1978 his
1048 1940 1214 1989 prodigii
1249 1941 1492 1990 interpretem

188 2009 280 2048 mihi
308 2009 420 2060 eligo.

293 2081 442 2120 Chonz
482 2082 541 2121 Ita
567 2083 644 2121 fiat.
683 2084 844 2132 Reliqua
870 2096 959 2122 vero
988 2096 1135 2135 expone
1162 2085 1304 2124 amicis.

255 2191 269 2199 ,
292 2153 463 2194 Orest.:
503 2153 674 2206 Simplex
702 2159 759 2195 est
785 2167 871 2196 mea
897 2156 1034 2209 oratio;
1072 2157 1170 2198 hanc
1197 2157 1363 2209 introire,
1395 2157 1493 2198 alios

186 2238 301 2265 unam
341 2226 532 2275 quandam
571 2239 652 2266 rem
691 2228 890 2280 perficere,
936 2230 1032 2268 alios
1078 2231 1171 2269 nihil
1211 2242 1326 2283 agere
1361 2231 1523 2280 jubens

270 2403 295 2443 ²)
314 2404 380 2445 leg.
405 2401 502 2440 οὕφις
522 2415 557 2444 γε
580 2405 658 2436 παῖς
681 2403 724 2437 ὥς
746 2404 947 2446 σπαργάνοις
971 2404 1147 2443 ὡπλίζετο.

268 2452 293 2494 ⁸)
313 2455 379 2497 leg.
404 2455 531 2485 κτείνω.
