1688 2831
136 2245 140 2247 Δ
195 2217 370 2252 narratur
402 2214 454 2251 ab
490 2214 683 2253 Herodoto
718 2216 754 2264 I,
793 2216 886 2253 108:
940 2214 1068 2254 ἐδόκεε
1099 2215 1306 2268 Ἀστυάγει
1343 2219 1383 2254 ἐκ
1422 2219 1499 2255 τῶν

203 94 251 155 116

198 195 330 235 matris
369 195 651 236 interficiendae
693 195 908 245 consilium,
956 194 1130 243 quamvis
1170 195 1348 254 ceperit„
1377 184 1505 235 tamen

199 266 353 307 Orestes
379 280 420 307 re
439 280 485 307 eo
498 266 672 318 deducta,
699 270 741 305 ut
766 266 912 306 facinus
937 266 1130 317 perficere,
1158 265 1332 306 occidere
1345 270 1504 319 matrem

199 339 347 391 debeat,
375 352 489 389 quum
502 344 658 378 matrem
672 343 821 378 exserta
847 351 1021 389 mamma,
1049 338 1158 388 cujus
1185 338 1513 388 laete-quondam,

198 412 380 452 infantem
414 412 647 463 nutrivisset,
688 411 756 450 filii
796 410 1093 451 misericordiam
1134 411 1299 464 supplici
1335 423 1430 456 voce
1466 414 1505 451 et

198 489 307 534 gestu
334 486 596 539 implorantem
623 498 658 523 v.
687 485 762 523 896
789 496 892 532 sqq.:

322 556 484 609 ἐπίσχες,
516 553 544 594 ὦ
571 563 656 602 παῖ,
686 553 800 595 τόνδε
828 553 863 593 δ’
895 553 1059 601 αἴδεσαι,
1090 555 1241 601 τέκνον,

321 626 494 678 μαστόν,
524 626 622 678 πρὸς
649 624 678 678 ᾧ
706 626 749 665 σύ
779 626 903 665 πολλοὶ
933 625 988 676 δή
1008 627 1149 677 βρίζων
1177 627 1263 677 ἅμα

324 699 496 738 οὔλοισιν
522 697 725 750 ἐξήμελξας
753 697 939 750 εὐτραφὲς
964 696 1064 751 γάλα
1095 721 1138 727 -

197 771 327 811 audiat
354 771 567 821 videatque,
592 771 758 822 graviter
783 775 906 810 motus
934 770 1157 820 consiliique
1184 770 1322 809 dubius
1348 782 1384 809 v.
1405 771 1501 809 899:

321 842 503 894 Πυλάδη,
533 842 571 882 τί
597 842 749 894 ὃράσω;
776 842 908 895 μητέρ’
941 842 1114 882 αἰδεσθῶ
1142 850 1320 890 κτανεῑνς
1349 865 1399 871 -

196 929 221 954 a
248 916 405 955 consilio
431 927 499 954 suo
526 916 760 954 discessurus
796 921 853 954 est
880 920 917 953 et
945 919 1142 954 cunctatur
1167 916 1397 966 paullisper;
1434 915 1503 954 sed

197 988 309 1027 modo
344 988 568 1039 paullisper:
609 1000 697 1027 nam
732 1000 757 1028 a
782 988 929 1039 Pylade
964 988 1139 1039 monitus,
1173 992 1215 1027 ut
1251 988 1353 1027 omni
1388 986 1501 1027 modo

196 1060 269 1098 sibi
302 1058 573 1111 perficiendum
608 1060 657 1098 sit
693 1060 850 1111 facinus,
888 1060 1015 1099 statim
1041 1060 1177 1099 iterum
1204 1059 1357 1109 abjecta
1382 1059 1500 1098 animi

196 1132 453 1172 misericordia
479 1146 515 1171 v.
544 1133 620 1171 904
647 1145 749 1182 sqq.:

319 1208 419 1243 ἕπου
438 1226 491 1232 -
512 1204 698 1253 inquit—
721 1203 821 1255 πρὸς
849 1203 972 1243 αὐτὸν
997 1202 1113 1243 τόνδε
1141 1206 1183 1243 σὲ
1211 1203 1352 1255 σφάξαι
1378 1204 1495 1243 θέλω.

317 1276 382 1315 καὶ
408 1278 532 1323 ζῶντα
558 1276 632 1329 γάρ
660 1292 721 1315 νιν
748 1276 932 1327 κρείσσον’
963 1275 1097 1329 ἡγήσω
1125 1275 1296 1327 πατρὸς·

317 1346 441 1400 τούτῳ
468 1352 656 1388 θανοῦσα
686 1347 940 1401 συγκάθευὸ“’,
971 1348 1054 1387 ἐπεὶ
1082 1349 1200 1399 φιλεῖς

318 1419 389 1460 τὸν
417 1420 541 1472 ἄνδρα
568 1426 726 1468 τοῦτον,
759 1422 806 1460 ὃν
834 1420 869 1460 δ’
902 1424 1015 1473 ἐχρῆν
1042 1422 1164 1472 φιλεῖν
1193 1423 1357 1474 στυγεῑςῖ
1387 1443 1430 1449 -

301 1493 475 1533 Ceterum
512 1493 727 1545 Sophoclea
767 1516 814 1522 —
856 1493 913 1532 El.
942 1507 978 1532 v.
1004 1495 1083 1533 410
1118 1506 1200 1544 sqq.
1241 1493 1421 1533 Wunder.
1452 1515 1498 1521 —

197 1564 491 1617 Chrysothemis,
520 1578 617 1616 quae
635 1566 769 1606 eadem
796 1579 820 1605 a
835 1566 1137 1617 Clytaemnestra
1162 1569 1282 1605 matre
1308 1563 1502 1613 nocturnis

195 1637 457 1676 formidinibus
482 1638 692 1688 perterrita,
728 1642 769 1676 ut
795 1638 999 1676 inferorum
1025 1638 1101 1676 iras
1128 1638 1272 1677 inferiis
1296 1637 1501 1676 afferendis

196 1709 383 1759 placaret,
421 1712 478 1748 est
503 1709 639 1760 missa,
675 1709 999 1760 Clytaemnestrae
1026 1709 1211 1748 somnium
1237 1709 1347 1748 aliter
1372 1712 1501 1748 narrat

197 1781 269 1818 sic:
296 1785 479 1830 „matrem
499 1782 719 1826 somniasse,
747 1782 1069 1831 Agamemnonem
1095 1782 1145 1837 ab
1171 1781 1301 1820 inferis
1329 1782 1369 1820 in
1383 1782 1500 1820 vitam

197 1864 389 1892 reversum
424 1852 753 1905 comprehendisse
788 1857 978 1905 sceptrum
1012 1857 1125 1894 antea
1159 1867 1184 1894 a
1218 1866 1260 1895 se
1293 1854 1389 1907 ipso,
1424 1854 1501 1894 illis
1553 1847 1560 1907 J

197 1929 324 1964 autem
358 1927 590 1975 temporibus
627 1916 677 1965 ab
712 1926 894 1976 Aegistho
930 1930 1117 1976 gestatum
1151 1931 1266 1975 atque
1300 1928 1341 1965 in
1375 1928 1501 1967 focum

196 1990 383 2048 infixisse}
418 2009 466 2037 ex
490 2010 538 2038 eo
564 2001 691 2038 autem
717 1997 936 2050 prosiluisse
962 1998 1095 2050 vigens
1122 2011 1286 2051 germen,
1319 2011 1394 2049 quo
1421 2002 1502 2040 tota

196 2069 441 2119 Mycenarum
480 2074 580 2109 terra
614 2063 933 2109 obumbrareturf‘
987 2071 1070 2117 Quo
1109 2072 1149 2109 in
1176 2072 1376 2122 Sophoclis
1415 2066 1500 2116 lodo

195 2140 340 2181 Neuius
384 2141 425 2180 in
465 2141 684 2181 memoriam
724 2147 879 2183 revocat
916 2143 1098 2195 Astyagis
1141 2144 1345 2196 somnium,
1398 2142 1501 2194 quod

196 2284 355 2326 αἰδοίων
391 2289 465 2337 τῆς
504 2284 704 2339 θυγατρὸς
746 2284 892 2337 ταύτης
934 2290 1055 2338 φῦναι
1100 2286 1300 2339 ἄμπελον,
1348 2286 1423 2339 τὴν
1458 2286 1501 2328 δὲ

195 2357 374 2408 ἄμπελον
401 2360 571 2410 ἐπισχεῖν
596 2356 668 2408 τήν
697 2357 834 2408 Ἀσίην
870 2362 1016 2398 πᾶσαν.
1045 2381 1094 2387 —
1129 2362 1169 2398 ἐκ
1203 2363 1274 2409 τῆς
1312 2359 1426 2410 ὄψιος
1463 2362 1501 2398 οἱ

193 2433 270 2469 τῶν
315 2427 457 2482 μάγων
496 2428 742 2482 ὀνειροπόλοι
790 2428 1031 2482 ἐσήμαινον,
1087 2431 1147 2471 ὅτι
1190 2431 1324 2482 μέλλοι
1368 2430 1389 2471 ὃ
1431 2435 1502 2482 τῆς
