1688 2831
209 108 292 150 32>

209 214 547 265 Clytaemnestrae.
599 210 774 262 Aegisthi
812 209 912 249 enim
949 208 1106 258 caedem
1140 220 1217 248 non
1243 208 1386 268 magni,
1407 203 1519 251 aesti-
1592 184 1618 237 ’ἔς

208 286 304 325 mari
339 289 500 337 apparet
527 296 575 324 ex
608 284 702 334 illis,
740 294 838 333 quae
871 282 920 322 de
947 294 992 322 eo
1019 281 1217 321 interfecto
1244 280 1338 320 dicit
1364 280 1519 330 Orestes

207 359 292 411 ipse
318 372 354 399 v.
382 358 470 398 989.
498 358 593 397 990:
1045 401 1050 404 ⁴
1473 355 1478 362 ”

335 475 517 485 .....
550 443 755 497 Αἰγίσθου
779 442 854 496 γὰρ
884 442 932 482 οὐ
958 443 1052 495 λέγω
1080 439 1224 493 μόρον·

331 517 403 570 ἔχει
428 516 502 570 γὰρ
532 519 807 570 αἰσχυντῆρος,
840 515 890 560 ὡς
917 515 1064 567 νόμος,
1096 515 1219 565 δίκην.

205 611 332 658 Quare
358 610 406 649 de
432 610 617 660 Aegistho
646 613 703 648 cst
729 609 942 649 tacendum.
978 610 1031 648 Ut
1056 608 1296 659 Iphigeniam
1323 607 1442 647 filiam
1468 608 1518 648 ab
1560 615 1565 621 '
1594 585 1612 613 7

204 684 488 733 Agamemnone
523 686 633 732 patre
666 682 900 720 immolatam
927 681 1182 730 ulcisceretur,
1219 692 1304 718 sese
1328 680 1519 735 ,occidisse

205 755 406 806 conjugem
435 754 739 806 Clytaemnestra
772 752 925 804 quidem
952 753 1081 793 multis
1117 751 1232 804 quuin
1259 757 1412 794 nostrae
1437 756 1519 797 tum
1551 739 1555 761 ³
1602 725 1620 754 '-

204 828 501 878 Agamemnonis
534 827 755 877 tragoediae
788 827 883 868 locis
916 826 1057 877 diserte
1085 830 1365 881 commemorat.
1418 826 1518 877 Aga-

204 913 354 940 memno
388 899 505 951 igitur
537 898 820 939 interficiendus
855 903 953 950 erat,
989 899 1091 949 quod
1126 900 1366 951 Iphigeniam
1399 899 1518 939 ffliam

203 973 445 1013 interfecerat
491 996 538 1001 —
588 972 769 1022 Aeschyli
809 972 1044 1023 Agamemno
1086 996 1156 1023 —-,
1211 973 1519 1023 Clytaemnestra

203 1045 465 1086 interficienda
506 1049 578 1097 est,
620 1045 722 1096 quod
757 1046 1082 1098 Agamemnonem
1117 1046 1294 1086 maritum
1329 1044 1520 1086 interfecit

206 1142 253 1148 -—
282 1120 464 1170 Aeschyli
492 1119 708 1171 Choe'phori
735 1143 796 1158 —-.
824 1121 925 1159 Nam
953 1120 1008 1158 sic
1035 1120 1217 1159 retinetur
1243 1119 1397 1158 talionis
1422 1118 1519 1159 illud
1576 1115 1578 1117 ’
1648 1134 1654 1141 «

200 1191 276 1243 jus,
304 1191 404 1242 quod
432 1191 569 1231 chorus
596 1192 699 1232 canit
725 1206 762 1232 v
790 1193 866 1232 309
895 1204 994 1243 sqq.

329 1279 417 1319 ἀντὶ
443 1282 521 1330 μὲν
548 1283 690 1332 ἐχθρᾶς
715 1278 892 1332 γλώσσης
920 1279 1039 1332 ἐχθρὰ

329 1352 483 1404 γλῶσσα
510 1351 710 1405 τελείσθω·
740 1350 1049 1403 τούφειλόμενον

330 1423 564 1476 πράσσουσα
593 1425 690 1475 Δίκη
718 1424 801 1477 μέγ’
833 1425 953 1464 ἀϋτεῖ·

332 1496 419 1537 ἀντὶ
448 1496 490 1536 δὲ
516 1498 668 1550 πληγῆς
696 1497 834 1549 φονίας
861 1497 1006 1549 φονίαν

331 1569 484 1622 πληγήν
512 1571 660 1609 τινέτω.
698 1570 886 1620 δράσαντι
912 1575 1078 1630 παέἳεῖν,

336 1642 518 1694 τριγέρων
546 1646 683 1693 μῦθος
708 1641 803 1682 τάδε
830 1651 959 1694 φωνεῖ.

206 1735 312 1782 Quae
340 1747 455 1785 quum
482 1736 536 1775 ita
563 1736 656 1787 sint,
697 1737 820 1787 primo
847 1737 931 1776 loco
959 1733 1158 1777 numerare
1180 1732 1340 1778 caedem
1367 1738 1533 1791 Iphige-

204 1809 304 1859 niae,
332 1808 498 1848 secundo
525 1809 833 1860 Agamemnonis,
861 1810 972 1850 tertio
996 1809 1322 1862 Clytaemnestrae
1347 1811 1388 1850 in
1414 1823 1517 1852 men-

204 1885 282 1920 tem
321 1881 451 1921 venire
499 1881 621 1933 possit
662 1882 713 1932 ei,
763 1882 828 1932 qui
867 1895 944 1921 non
984 1887 1150 1935 reputet,
1204 1884 1237 1923 si
1275 1884 1516 1936 Iphigeniam
1575 1910 1581 1917 ψ

205 1954 361 1994 caedem
394 1959 645 2006 numm-,asset
681 1954 914 2007 Aeschylum
946 1963 1187 2007 nequaquam
1223 1955 1439 2009 ,,Ἐρινυς
1468 1981 1510 1987 -

204 2027 357 2066 πίεταιιι
385 2028 511 2067 dicere
538 2028 718 2079 potuisse.
759 2029 859 2068 Nam
885 2029 1036 2080 Erinys,
1064 2042 1163 2079 quae
1190 2016 1517 2081 Clytaemnestrae
1538 2079 1540 2081 ι

204 2099 322 2140 caede
361 2101 677 2152 Agamemnonis,
730 2102 1027 2153 Agamemnonis
1079 2104 1305 2155 Iphigeniae
1358 2104 1516 2145 caedem

203 2173 406 2224 ulciscitur,
440 2174 664 2225 Iphigeniae
692 2174 821 2226 caede,
858 2175 1002 2227 quippe
1037 2188 1137 2226 quae
1168 2178 1255 2229 ipsa
1290 2177 1340 2217 sit
1371 2178 1515 2228 insons,

202 2246 359 2287 eaedem
393 2248 534 2288 nullius
574 2248 704 2288 ulcisci
743 2252 877 2300 potest.
933 2248 1059 2296 Quare
1099 2249 1283 2290 laudandi
1323 2254 1410 2290 sunt
1442 2250 1515 2290 viri

201 2319 320 2371 docti,
357 2320 421 2369 qui
447 2320 569 2372 primo
596 2321 681 2361 loco
710 2320 867 2361 caedem
893 2322 1096 2363 liberorum
1111 2323 1319 2375 Thyestae,
1347 2316 1515 2364 secundo

130 2424 133 2431 .
200 2392 508 2446 Agamemnonis,
544 2395 655 2435 tertio
683 2395 1010 2447 Clytaemnestrae
1045 2398 1102 2447 (et
1126 2396 1320 2454 Aegisthi)
1346 2395 1515 2447 Aeschy-
1591 2386 1596 2389 ⁵

201 2465 279 2504 lum
326 2478 546 2508 numerasse
594 2468 791 2520 judicant,
828 2473 887 2530 *ut
938 2469 1238 2510 luculentissime
1291 2469 1415 2510 elucet
1467 2480 1516 2509 ex
