1688 2831
134 1968 138 1972 ·
206 1952 367 2003 Kruger.
393 1964 447 2003 gr.
474 1964 530 2003 gr.
556 1952 605 1991 H.
627 1954 664 2000 ,ξ
691 1952 753 2003 39,
793 1964 823 1991 s.
851 1952 888 1991 h.
916 1965 970 2002 v.;
1011 1955 1113 1992 recte
1152 1955 1280 2002 autem
1319 1952 1518 1993 adnotavit

198 108 250 147 22

198 211 340 262 „fallax
366 210 470 250 haud
495 214 583 250 ante
609 208 816 259 repertus.“
868 208 929 246 De
955 206 1084 246 veraci
1110 205 1290 257 Apolline
1327 204 1453 257 locos,
1469 205 1510 244 in
1546 195 1548 198 ’
1570 187 1634 261 ⁴

199 282 334 322 Theoi.
360 263 497 329 Aesch.
524 295 559 333 p.
591 281 663 320 118
703 279 851 330 amatos,
887 277 1061 329 inprimis
1094 278 1136 318 fr.
1165 278 1253 329 266,
1293 277 1337 317 fr.
1369 277 1457 328 184,
1483 276 1517 316 5
1565 263 1686 334 2*

199 355 277 405 (ed.
302 355 466 405 Herm.):
506 352 551 392 τό
585 351 733 402 Φοίβου
767 356 880 389 θεῖον
910 350 1078 400 ἀψευδὲς
1120 348 1275 400 στόμιας
1312 349 1421 389 Pind.
1440 349 1509 402 Ol.
1613 348 1683 407 ⁴32³

199 427 308 478 VIII,
344 427 406 478 41,
441 425 553 478 Pyth.
585 425 660 476 IX,
695 424 767 463 42:
807 420 879 462 τὸν
907 420 950 461 οὗ
987 419 1329 473 θεμιτὸννψεύὸει
1364 425 1506 476 θιγεῖν,
1540 428 1558 438 ·“
1606 431 1653 470 22

195 484 330 551 colligi
355 499 471 549 'jubet
497 497 725 537 Klausenius
760 496 937 546 idemque
972 499 1077 535 recte
1111 499 1256 546 monet,
1291 496 1332 535 in
1358 495 1433 535 hac
1468 507 1512 534 re

200 573 301 612 hunc
326 571 440 612 deum
466 570 640 611 Mercurii
668 582 751 610 esse
779 561 1018 609 contrarium.
1072 568 1200 616 Quare
1226 568 1365 621 Apollo
1392 567 1443 609 de
1468 579 1511 609 se

200 647 285 697 ipse
310 646 418 684 Eum.
445 658 481 684 v.
509 645 603 684 615:

325 715 468 768 μάντις
495 738 543 744 —-
571 715 693 766 inquit
723 737 763 743 -
798 712 851 753 ὢν
879 713 914 753 δ’
943 712 987 754 οὐ
1017 712 1235 766 ψεύσομαι.
1582 760 1586 764 ,

201 791 362 831 Loxiam
387 793 515 830 autem
527 788 743 840 Apollinem
770 788 809 826 in
831 788 879 826 iis
906 787 1143 827 solummodo
1169 788 1283 828 rebus
1309 788 1512 839 appellari,

201 876 300 914 quae
345 863 396 903 ad
436 862 591 902 oracula
636 865 673 901 et
711 860 1002 915 vaticinationes
1051 861 1283 913 pertineant,
1337 860 1512 911 hancque
1676 912 1679 913 ⁷

200 941 321 977 artem
347 937 499 977 nomine
534 935 671 986 respici
698 934 895 986 probabile
923 947 1006 975 esse
1033 946 1158 985 neque
1184 935 1258 975 hoc
1285 935 1512 975 vocabulum
1570 983 1573 985 v

200 1024 225 1051 a
264 1007 393 1057 λοξός,
440 1008 508 1049 sed
547 1022 573 1049 a
612 1011 762 1048 vetusta
801 1007 907 1048 vocis
946 1007 1069 1061 λέγειν
1108 1009 1230 1049 forma
1267 1007 1411 1048 Dorica
1449 1007 1513 1048 vel

199 1084 366 1124 Phocica
392 1095 476 1122 esse
503 1081 763 1132 derivandum,
791 1068 930 1120 monet.
944 1082 1126 1122 Klauscn.
1154 1082 1206 1122 ad
1226 1082 1296 1133 Ag.
1311 1094 1347 1121 v.
1362 1082 1439 1121 998
1452 1081 1512 1132 2¹).
1643 1091 1676 1144 ’Ξ

200 1155 277 1196 Sed
311 1168 388 1196 non
423 1155 544 1195 solum
579 1154 683 1206 apud
716 1154 894 1205 tragicos,
932 1154 1001 1195 sed
1036 1155 1150 1196 etiam
1176 1154 1281 1207 apud
1305 1155 1513 1194 Homerum
1656 1157 1688 1229 ’,ἐ

201 1241 315 1278 quum
342 1228 457 1268 ceteri
484 1228 539 1266 dii
571 1231 650 1267 tum
676 1227 815 1278 Apollo
852 1228 1076 1278 saepissime
1111 1226 1328 1279 appelletur
1355 1225 1513 1278 ἅναξὲἓ)
1627 1232 1688 1299 ἒξ

202 1301 362 1352 ejusque
397 1313 503 1341 soror
521 1299 708 1351 ’Ἀρτεμις
743 1300 916 1340 similiter
944 1299 1148 1347 δέσποινα,
1188 1314 1221 1341 e.
1247 1314 1282 1351 g.
1310 1300 1427 1351 Soph.
1454 1299 1513 1339 El.
1666 1297 1688 1370 ξ

200 1387 238 1412 v.
267 1374 354 1412 613.
403 1373 578 1411 Ceterum
604 1384 680 1410 non
707 1373 830 1411 solum
856 1372 1104 1424 Aeschyleus‚
1132 1372 1200 1413 sed
1226 1373 1343 1412 etiam
1369 1372 1536 1425 Sophos
1669 1401 1688 1417 ὴ

203 1447 307 1487 cleus
334 1446 488 1486 Orestes
515 1458 599 1486 sese
625 1445 714 1485 dolo
737 1445 945 1486 vindictam
973 1458 1120 1486 sumere
1146 1447 1195 1486 ab
1221 1446 1401 1498 Apolline
1428 1456 1513 1485 esse

200 1518 349 1568 jussum
375 1517 573 1570 profitetur
598 1517 656 1555 El.
680 1530 717 1557 .v.
747 1517 797 1556 35
825 1529 925 1568 sqq.:
1649 1509 1688 1572 ,ἐξ

327 1594 397 1643 χρῇ
424 1605 496 1641 μοι
522 1593 683 1629 τοιαῦθ’
713 1588 734 1629 ὁ
770 1590 929 1641 Φοῖβος,
961 1586 1012 1629 ὧν
1040 1589 1178 1630 πεύσει
1203 1589 1315 1643 τάχα·
1379 1600 1385 1604 “

330 1661 498 1702 ἄσκευον
526 1660 646 1701 αὐτὸν
674 1661 853 1700 ἀσπίδων
879 1677 922 1701 τε
947 1662 1010 1700 καὶ
1039 1666 1208 1713 στρατοῦ

331 1732 478 1775 δόλοισι
505 1735 643 1782 κλέψαι
668 1733 791 1787 χειρὸς
818 1734 991 1779 ἐνδίκους
1020 1733 1185 1787 σφαγάς.
1222 1732 1231 1743 ”

205 1807 267 1845 Ad
302 1805 410 1850 εἰκώς
445 1807 669 1846 scholiastes
704 1806 920 1846 adnotavit:
962 1805 1046 1857 οἶμα
1075 1806 1161 1861 ἀντὶ
1187 1810 1259 1845 τοῦ
1288 1805 1419 1851 ἐοικώς
1445 1822 1514 1855 -,·
1565 1836 1568 1839 <

207 1863 276 1919 sed
303 1879 533 1918 dramaticos
567 1879 647 1919 fere
682 1890 832 1930 semper
858 1879 986 1919 dicere
1020 1878 1126 1923 εἰκώς
1157 1883 1196 1919 et
1223 1880 1361 1918 εἰκέναι
1388 1884 1517 1920 monet

207 2029 246 2064 et
279 2025 331 2064 ad.
365 2026 539 2074 παντελῆ
567 2048 619 2053 —-
644 2024 794 2063 τελείαν
828 2029 865 2064 et
899 2018 950 2064 ad
988 2024 1190 2077 σάγην-
1218 2025 1459 2066 πανοπλίαν·
1489 2025 1516 2076 ἢ

204 2097 356 2138 τελείαν
390 2094 607 2148 περιβολὴν
642 2098 736 2149 ἔχων
772 2097 895 2141 ξένου.
952 2097 1193 2150 Klausenius‚
1234 2099 1298 2149 qui
1336 2099 1378 2138 in
1417 2111 1517 2139 com-

205 2170 392 2211 mentario
428 2170 477 2209 de
503 2170 690 2210 vocabulo
727 2158 827 2221 σάγὴ
855 2170 974 2209 fusius
1010 2171 1177 2223 exponit,
1212 2172 1354 2223 pergit:
1409 2171 1517 2223 „Hoc

289 2314 328 2356 ²¹)
348 2317 461 2351 Editio
484 2316 602 2356 altera,
625 2328 727 2358 quam
748 2317 880 2351 curavit
901 2318 1022 2360 Enger.
1044 2329 1075 2351 v.
1101 2318 1192 2352 1033.

290 2367 328 2407 ²⁹)
348 2379 375 2401 e.
405 2380 439 2410 g.
474 2368 572 2408 Soph.
600 2369 651 2401 El.
674 2380 705 2401 v.
730 2370 800 2402 622.
830 2370 900 2401 632.
925 2370 1015 2401 1357.
1049 2370 1099 2402 ed.
1121 2370 1247 2403 Wund.
1276 2386 1315 2392 -·
1349 2370 1515 2404 Theocrit.
1533 2409 1539 2415 ·

205 2420 310 2460 XVII,
333 2422 383 2453 70.
406 2421 494 2453 idem
516 2421 640 2464 Apollo
662 2422 696 2454 et
717 2421 743 2462 I,
767 2421 838 2454 128.
867 2421 955 2461 Pan3
983 2421 1059 2454 vide
1086 2421 1189 2455 etiam
1209 2423 1331 2456 Ameis.
1353 2423 1398 2457 ad
1418 2422 1517 2456 Hom.

205 2473 267 2508 od.
289 2473 346 2513 VI,
372 2474 441 2507 149.
