1688 2831
141 179 151 187 ”·
182 176 299 244 seph.
326 190 381 231 El.
409 203 445 229 v.
473 191 550 229 633
589 189 665 240 (ed.
692 189 910 241 Wunder.):
951 192 988 229 εἰ
1021 192 1098 240 μὲν
1131 189 1309 240 πέφηνεν
1347 187 1486 243 ἐσθλὰ,

182 259 251 307 δὸς
277 260 489 314 τελεσφόρα
496 278 511 310 ,·
554 274 678 313 neque
716 263 827 302 aliter
852 252 1010 303 verbum
1043 262 1167 301 τελεῖν
1199 274 1313 302 sensu
1347 261 1488 303 intran-

104 349 109 352 ’
180 335 293 377 sitivo
332 339 553 388 usurpatum
593 340 651 376 est
688 335 804 390 Soph.
844 335 902 375 El.
934 336 1054 376 1397:
1094 333 1236 380 τελοῦς’
1274 331 1369 386 ἆραῖ
1377 335 1408 385 ⁰)
1436 332 1490 393 [et

547 406 831 422 ‚‚‚‚‚

0 471 53 539 j}³
67 465 76 506 ‘'-
110 488 116 514 ἒ
179 491 329 530 quoque
376 480 460 519 loco
499 477 729 530 τελεσφόρος
779 491 892 519 sensu
931 479 1171 518 intransitivo
1212 478 1355 519 dictum
1386 491 1489 519 -esse

177 551 271 591 mihi
311 552 470 591 videtur.
535 551 663 598 Quare
712 550 866 601 ὄνειρον
907 549 1143 601 τελεσφόρον
1181 555 1240 590 est
1288 552 1488 605 somnium,

178 623 280 675 quod
319 623 371 662 ad
405 623 520 663 finem
542 622 738 680 pervenit,
780 622 882 672 quod
908 635 985 663 non
1011 634 1150 662 vanum
1178 626 1254 674 est,
1294 622 1361 663 sed
1389 623 1488 663 bene

178 697 305 736 evenit
339 696 554 745 evaditque.
610 695 786 734 Ceterum
826 695 877 734 ad
916 695 1016 734 hune
1055 696 1182 734 locum
1217 699 1341 745 neque
1380 695 1488 735 scho-

177 769 308 809 liastes
349 780 474 818 neque
512 768 738 818 interpretes
778 767 985 818 quidquam
1024 767 1321 808 adnotaverunt:
1374 768 1487 807 inter-

176 844 304 893 pretes
330 843 457 880 autem
470 851 612 890 omnes,
640 850 799 890 quorum
826 838 979 889 quidem
1003 839 1189 881 editiones
1214 839 1307 880 mihi
1333 844 1485 892 praesto

160 917 281 963 -sunt,
315 913 547 963 conjungere
586 912 778 951 videntur:
820 911 894 949 ἀλλ’
926 911 1090 964 εὔχομαι
1115 918 1167 965 γῇ
1193 912 1288 966 τῐῇδε
1314 913 1378 951 καὶ
1405 926 1485 950 πα-

175 983 267 1036 τρὸς
291 983 416 1036 τάφῳ,
446 983 714 1035 τοῦνειρον-
739 982 988 1035 τελεσφόρον,
1018 985 1042 1024 i.
1071 998 1104 1025 e.
1131 985 1345 1037 „imprecor
1369 984 1486 1036 igitur

175 1058 275 1097 hanc
301 1061 440 1096 terram
467 1061 505 1096 et
530 1057 713 1095 tumulum
748 1057 888 1107 patris,
923 1060 966 1095 ut
992 1058 1143 1097 eveniat
1168 1058 1262 1097 mihi
1288 1058 1361 1097 hoc
1387 1066 1484 1096 som-

174 1128 314 1179 nium“‚
342 1128 414 1167 nisi
442 1127 543 1178 quod
569 1128 641 1167 viri
655 1127 770 1179 'docti
793 1128 875 1177 ,iam
902 1128 1058 1180 laudati,
1085 1130 1151 1179 qui
1176 1130 1327 1170 lexicon
1347 1130 1483 1168 Passo-

174 1202 341 1241 wianum
375 1204 674 1239 retractaverunt
681 1225 700 1251 ,<
727 1200 846 1240 verba
880 1198 1082 1251 τοῦνειρον
1118 1199 1217 1240 εἶναι
1249 1200 1352 1241 τοῦτ’
1391 1201 1481 1251 ἐμοὶ

173 1268 408 1323 τελεσφόρον
435 1277 538 1311 recte
563 1276 719 1311 censent
745 1272 971 1323 significare,
997 1285 1085 1323 non,
1119 1277 1184 1324 „ut
1210 1274 1362 1313 eveniat
1387 1273 1481 1312 mihi

174 1347 247 1388 hoc
273 1345 495 1397 somnium“‚
535 1344 604 1386 sed
638 1344 752 1397 „dass
787 1344 912 1386 dieser
939 1345 1081 1386 Traum
1113 1344 1265 1387 durch
1292 1345 1414 1387 mich
1440 1345 1480 1385 in

130 1409 132 1411 ’
173 1419 372 1469 Erfullung
407 1419 541 1468 gehe“‚
577 1422 619 1456 ut
652 1418 724 1456 hoc
759 1419 945 1457 somnium
979 1430 1049 1468 per
1074 1431 1136 1457 me
1168 1419 1221 1457 ad
1255 1419 1368 1458 finem
1395 1431 1479 1469 per-

175 1490 312 1531 veniat.
366 1490 466 1529 Nam
499 1487 733 1540 τελεσφόρον
769 1489 857 1540 ἐμοὶ
896 1502 966 1541 pro
1002 1488 1065 1528 ὑπ’
1106 1493 1204 1540 ἐμοῦ
1241 1490 1396 1540 dicitur,
1437 1493 1479 1529 ut

173 1567 302 1602 notum
328 1562 423 1601 illud
447 1565 572 1599 ταῦτα
599 1562 818 1610 πέπρακται
844 1562 934 1610 ἐμοὶ
959 1574 1030 1612 pro
1056 1561 1120 1600 ὑπ’
1151 1565 1266 1611 ἐμοῦ,
1295 1562 1319 1600 i.
1349 1574 1379 1601 e.
1407 1575 1477 1613 pro

172 1633 455 1687 praepositione
491 1645 576 1672 cum
614 1644 700 1684 gen.
755 1632 893 1672 Graeci
928 1632 1162 1684 conjungunt
1196 1645 1281 1673 cum
1320 1632 1477 1684 passivo

106 1716 114 1726 ·
172 1707 343 1750 dativum
368 1717 566 1757 personae.
613 1706 752 1754 Itaque
778 1704 922 1745 diceret
947 1705 1117 1745 Orestes:
1156 1717 1292 1757 precor
1317 1719 1343 1745 a
1367 1709 1478 1757 patre

171 1778 292 1818 infero
319 1778 468 1828 diisque
502 1777 646 1827 inferis5
678 1780 719 1815 ut
746 1788 768 1816 e
792 1778 935 1816 tumulo
962 1781 1136 1827 terraque
1169 1767 1309 1828 manes,
1327 1777 1475 1816 mitten-

172 1856 231 1891 tes
268 1852 343 1902 hoe
376 1850 563 1889 somnium
597 1848 759 1888 reddant
792 1850 950 1888 ratum.“
1004 1850 1080 1890 Ubi
1106 1849 1155 1890 de
1179 1848 1476 1901 Agamemnonis

173 1922 289 1963 oecisi
323 1921 466 1962 ultione
504 1920 640 1972 agitur,
680 1907 795 1970 quum
827 1920 914 1960 aliis
947 1921 1054 1972 locis,
1095 1924 1174 1960 tum
1200 1922 1249 1960 ab
1276 1921 1411 1980 Oreste
1436 1921 1476 1959 in

173 1985 340 2037 extremo
366 1995 432 2034 illo
460 2006 605 2033 commo
631 2006 666 2032 v.
695 1994 792 2032 456:

361 2076 404 2117 σε’
428 2090 490 2116 τοι
515 2075 623 2129 λέγω,
653 2077 851 2129 ξυγγενοῦ,
880 2073 1018 2127 πάτερ,
1048 2075 1173 2127 φίλοις
1204 2096 1244 2104 -

174 2166 212 2202 et
237 2174 263 2201 a
289 2161 404 2201 choro
431 2173 467 2200 v.
495 2161 571 2199 476
598 2171 702 2209 sqq.:

254 2339 280 2381 ⁸)
310 2341 355 2374 aa
386 2327 485 2381 quem
515 2338 626 2371 locum
647 2329 838 2370 Wun‘derms
868 2336 1018 2384 exempla
1049 2336 1179 2379 profert:
1198 2336 1357 2379 Aeschyn
1385 2336 1476 2378 Sept„

172 2406 203 2428 ν.
225 2392 303 2427 659:
332 2389 399 2431 τάχ’
425 2386 610 2431 εἰσόμεσθα
630 2386 804 2430 τούπίσημ’
831 2386 895 2429 ὅπη
919 2384 1009 2419 τελεῖ
1038 2390 1073 2422 et
1094 2388 1240 2431 Chofiplh
1262 2399 1294 2422 v,
1319 2388 1416 2422 10122
1438 2386 1477 2419 ,ὅ

172 2444 235 2486 γάρ
259 2441 327 2475 οἷδ’
352 2441 419 2482 ὅπη
441 2440 538 2474 τελεῖ.
694 2473 698 2476 ,
991 2461 995 2467 ,
1393 2460 1396 2462 Α
