1688 2831
177 102 227 140 14

172 204 388 255 draconem,
416 182 677 253 ita'sanguine
702 201 884 240 moriatur
909 200 1093 251 oportet,“
1120 200 1145 240 i.
1160 210 1192 238 e.
1220 199 1340 238 mata-‘r
1354 192 1502 246 morte-'-

175 275 341 316 violenta
379 274 612 315 moriendum
652 276 727 326 est,
773 284 850 312 non
889 272 927 312 ei
972 271 1121 335 licebit·
1148 270 1281 312 morbo
1320 265 1495 312 naturae
1518 303 1523 314 ,,

1491 322 1518 334 “s

173 349 341 389 debitum
379 347 547 387 reddere.
601 346 768 386 Verbum
808 345 947 384 deinde
1000 344 1330 395 ἐκδρακοντωθεὶς
1382 344 1482 401 bene
1530 365 1539 370 -

176 421 342 472 explieat
367 418 614 459 Klausenius:
654 419 717 469 „in
743 418 919 457 draconis
944 420 1074 469 partes
1100 416 1317 457 succedens.
1366 408 1504 457 Prae*

172 489 360 544 positione
394 494 435 529 ἐκ
469 490 684 529 declaratur
717 490 897 530 transitus
932 502 957 529 a
982 490 1150 529 moribus
1186 488 1255 528 filii
1289 489 1330 528 in
1354 500 1495 530 mores.
1521 500 1524 503 ·

171 564 281 604 feros.
333 564 393 603 Ita
419 561 707 614 ἐξηνδρωμένος
733 561 821 608 Eur,
848 562 979 614 Suppl.
1006 574 1042 602 v.
1073 562 1167 613 703,
1207 558 1480 612 ταυρούμενος

171 637 307 677 Aeseh.
347 635 515 686 Choeph.
554 642 605 674 v.·
633 636 710 674 274
758 636 853 685 (275
902 634 961 674 ed.
997 634 1168 685 Dind.)“.
1222 634 1257 672 A
1298 633 1480 673 librorum

172 713 297 750 autem
323 708 509 760 scriptura
544 707 691 753 κτείνω,
730 720 799 759 pro
827 720 903 758 qua
929 702 1048 747 κτενῶ
1075 707 1308 759 seripserunt
1335 706 1479 746 Turne·
1512 713 1519 719 ’

171 783 242 821 bus
281 785 319 820 et
344 781 545 831 Victorius,
585 785 738 819 nostrae
777 780 914 819 aetatis
954 780 1120 819 virorum
1155 780 1351 819 doctorum
1367 779 1480 817 -Har-
1506 823 1508 825 μ

170 857 320 905 tungus,
353 852 524 904 Weilius,
564 851 783 891 Dindorfius
823 863 1064 902 nequaquam
1103 850 1358 891 recedendum
1397 862 1481 891 esse
1517 859 1597 900 χ·-

172 926 265 965 mihi
291 925 450 965 videtur.
503 926 602 964 Nam
629 937 812 975 praesens
846 937 916 975 pro
950 925 1074 963 futuro
1110 925 1286 975 positum,
1327 923 1429 973 quod
1456 936 1496 962 a,

172 998 331 1038 Graecis
356 997 530 1049 usurpari
557 998 654 1037 solet
679 997 720 1036 in
747 996 1078 1048 enuntiationibus,
1106 997 1243 1047 quibus
1270 996 1358 1047 quis
1382 1008 1480 1036 sum->

172 1084 273 1110 mam
311 1070 428 1109 animi
467 1070 645 1109 fiduciam
684 1055 778 1120 prae
819 1077 868 1108 se'
898 1069 970 1109 fert
984 1071 1042 1119 ¹⁹),
1084 1070 1116 1108 si
1155 1070 1245 1119 uHo,
1285 1069 1358 1119 hoe
1393 1069 1478 1126 loeo

172 1143 409 1195 aptissimum
445 1146 512 1182 est.
567 1141 692 1181 Oresti
732 1142 843 1193 enim,
885 1141 1058 1191 quamvis
1084 1141 1275 1193 Apollinis
1315 1141 1481 1181 maxime

169 1216 280 1265 Jussu
319 1214 452 1254 matris
488 1214 774 1253 interficiendae
814 1214 1012 1253 eonsilium
1051 1214 1195 1265 inierit,
1242 1219 1369 1253 tamen
1409 1215 1481 1253 hoe
1533 1253 1535 1257 ,
1573 1207 1601 1254 ἧς

174 1287 373 1328 eonsilium
406 1299 646 1337 nequaquam
681 1290 739 1326 est
777 1286 1032 1326 firmissimum
1071 1291 1185 1337 atque
1221 1286 1480 1327 certissimum.

175 1359 301 1407 Quare
327 1360 368 1398 in
393 1359 501 1398 initio
528 1359 749 1410 tragoediae
775 1363 926 1398 nostrae
961 1371 1045 1398 sese
1071 1363 1231 1398 matrem
1266 1371 1350 1399 esse
1384 1359 1481 1399 ocei-

175 1444 303 1472 surum
329 1432 444 1483 plane
461 1431 658 1480 ‚dicentem
693 1444 740 1471 ao
774 1435 907 1482 aperte
941 1432 1158 1481 loquentem
1183 1444 1261 1471 non
1286 1431 1479 1482 audimus3

175 1505 252 1543 imo
279 1516 370 1543 vero
397 1516 442 1543 eo
468 1503 565 1553 ipsQ
593 1503 694 1552 quod
719 1507 906 1543 tormenta
932 1516 978 1542 ae
1005 1504 1204 1554 supplicia,
1232 1516 1331 1553 quae
1343 1504 1481 1555 Apollo

177 1576 271 1616 deus
307 1576 343 1616 ei
379 1575 542 1614 minetur
576 1575 649 1614 nisi
683 1576 830 1615 facinus
864 1575 997 1615 feeerit
1031 1598 1080 1603 —
1108 1589 1143 1615 v.
1173 1577 1301 1615 276-
1314 1578 1389 1616 297
1418 1599 1481 1629 ———,
1522 1592 1525 1594 ·
1567 1578 1569 1580 ’
1652 1619 1660 1630 ἱ

176 1648 466 1700 diligentissime
505 1660 551 1687 ao
591 1648 836 1687 disertissime
882 1653 1093 1699 enumerat,
1141 1648 1308 1688 animum
1346 1644 1482 1689 fortem
1543 1654 1545 1658 '
1576 1635 1665 1683 '⁵⁵2

177 1734 255 1760 non
290 1724 495 1772 gerentem,
532 1719 601 1759 sed
636 1720 875 1767 simulantem
911 1733 995 1760 sese
1021 1721 1180 1772 praebet
1206 1721 1370 1773 Orestes,
1406 1723 1510 1774 qui‚.
1566 1760 1600 1774 -„

178 1794 211 1833 si
236 1794 313 1832 ullo
340 1792 452 1832 modo
485 1792 568 1831 fieri
602 1792 741 1842 possit,
781 1792 904 1843 malit,
944 1796 985 1832 ut
1019 1793 1115 1832 liber
1142 1793 1191 1832 sit
1225 1794 1275 1833 ab
1309 1794 1481 1834 inaudito

176 1865 354 1904 facinore.
409 1863 471 1902 Ad
509 1875 621 1913 quem
656 1863 860 1904 demissum
900 1865 1067 1904 animum
1106 1869 1280 1916 spectant
1320 1854 1481 1918 quoque,

177 1948 425 1994 quaeeunque
463 1935 662 1987 verborum
702 1936 742 1980 in
781 1937 907 1988 priore
953 1937 1089 1977 commi
1128 1941 1237 1988 parte
1276 1938 1340 1978 ille
1379 1936 1481 1991 facit,

137 2063 141 2065 Π
176 2009 312 2058 quibus
338 2007 478 2047 auditis
504 2008 641 2047 chorus
667 2021 703 2047 v.
730 2009 831 2047 414:

299 2082 363 2119 καὶ
389 2078 478 2119 τότε
503 2084 581 2132 μὲν
608 2080 803 2128 δύσελπις,
834 2103 878 2111 -
908 2083 1030 2133 inquit
1059 2105 1104 2112 -

302 2152 500 2207 σπλάγχνα
529 2154 572 2193 δέ
597 2169 669 2205 μοι
695 2155 939 2194 κελαινοῦται
965 2155 1065 2206 πρὸς
1093 2157 1188 2200 ἔπος
1214 2154 1397 2207 κλυούσᾳ.

260 2348 296 2389 ¹⁹)
326 2350 369 2383 ef.
391 2320 497 2390 nost„
528 2361 579 2393 gr.
600 2362 651 2394 gr.
684 2362 716 2393 p.
739 2352 811 2385 584.
833 2352 910 2385 adn.
933 2352 963 2386 8.
985 2366 1024 2376 ω-
1048 2352 1270 2386 Scheuerlein.
1313 2338 1408 2393 syntss
1430 2337 1502 2395 531?

175 2413 208 2443 p.
230 2402 306 2441 340;
338 2402 489 2443 exempla
514 2404 627 2446 autem
648 2403 748 2446 hujus
768 2404 952 2445 praesentis
972 2414 1035 2448 pro
1056 2404 1172 2438 futuro
1192 2405 1296 2446 positi
1316 2398 1481 2448 congessit

176 2453 357 2486 Wellauer.
378 2454 423 2487 ad
443 2455 507 2495 Ag.
532 2454 623 2493 1261,
646 2455 767 2495 quibus
787 2455 945 2488 Klausen.
967 2455 1064 2488 addit
1083 2456 1193 2489 Proin.
1217 2456 1287 2489 171.
