1688 2831
200 95 247 133 12

195 196 277 235 halt
311 195 541 247 dergestalt„
573 195 662 235 dass
702 207 743 233 er
777 194 840 236 die
874 194 1106 244 namlichem
1147 192 1239 232 oder
1272 192 1502 243 synonyma
1544 199 1556 239 '3

195 268 395 308 derselben
420 266 660 316 wiederh01t‚
689 279 738 306 so
774 269 915 304 musste
950 264 1273 315 schlechterdings
1309 264 1349 302 in
1384 278 1497 302 πασα

197 363 242 370 -
259 347 363 384 ποιῑςχ
379 339 429 383 ὥς
455 339 622 389 stecken,
647 338 813 377 welches
839 337 925 376 dem
953 335 1097 381 παιδὸς
1125 336 1234 387 δίκην
1257 336 1496 388 οῂίεριζῆοἰὶο,

195 412 313 452 sowie
348 410 530 458 ὡπλίζετο
566 411 653 450 dem
689 408 863 460 ἁρμόσαι
901 434 944 439 -
983 410 1059 449 imo
1095 409 1221 461 potius
1257 408 1419 460 ὁρμίσαι
1445 432 1496 438 --
1531 408 1533 411 ’
1578 399 1587 468 ι’

195 485 273 524 und
309 484 419 534 οὕφις
446 483 533 523 dem
561 481 712 533 δράκων
739 482 978 534 entspricht“
1009 505 1051 510 —-
1068 513 1078 533 ,
1118 481 1221 521 haud
1256 481 1497 528 incommoda
1677 482 1688 530 :j

195 568 278 596 esse
312 556 403 594 mihi
430 556 613 595 videntur.
668 555 744 611 Sed.
780 567 895 604 quum
929 554 1042 604 οὕφις
1074 569 1117 592 τε
1151 562 1245 598 παῖς
1280 554 1342 600 ὣς,
1382 567 1496 604 quam

193 628 417 680 particulam
442 630 483 666 τὲ
509 628 660 666 insolite
685 627 850 678 positam
877 626 1080 666 defendere
1107 630 1274 677 conatur,
1301 627 1497 673 Butlerum
1550 649 1553 651 -

193 704 344 740 secutus
380 699 573 750 conjiciat,
609 700 828 750 Hartungus
856 699 1012 750 cogitur,
1047 703 1089 738 ut
1114 698 1349 750 praecedens
1382 698 1497 749 parti-

193 773 333 824 cipium
359 771 520 811 ἐκλιπών
546 773 586 811 in
612 773 768 812 verbum
795 772 941 811 finitum
968 772 1130 816 ἐξέλειπε
1156 775 1363 823 permutet;
1398 783 1497 820 quae

193 845 350 886 mutatio
376 845 591 885 necessaria
617 857 692 885 non
720 849 787 896 est,
816 845 849 884 si
876 844 1094 884 scribimus:

317 919 428 969 οὕφις
452 934 496 969 γε
522 926 616 962 παῖς
643 918 691 962 (ἲς
721 916 962 969 σπαργάνοις
990 916 1187 964 ὡπλίζετο.

192 990 334 1033 Addita
367 995 492 1030 autem
527 991 714 1041 particula
747 992 790 1042 γὲ
826 990 1103 1030 substantivum
1130 990 1255 1040 οὕφις,
1293 989 1395 1040 quod
1420 1002 1498 1029 non

193 1064 274 1102 sine
304 1063 411 1112 justa
446 1075 561 1102 causa
595 1063 717 1114 primo
750 1064 835 1102 loco
870 1062 1028 1102 secundi
1060 1074 1193 1101 versus
1228 1062 1394 1113 positum
1429 1065 1498 1112 est,

192 1139 283 1186 apte
316 1136 558 1186 premitur.¹⁶)
613 1135 690 1174 Sed
717 1139 758 1173 ut
783 1135 823 1173 in
850 1146 962 1174 versu
995 1139 1177 1184 sequente
1204 1134 1356 1174 codices
1389 1145 1497 1185 prae-

193 1208 283 1247 bent
315 1206 498 1257 μασθὸς,
546 1208 600 1247 ita
635 1221 671 1247 v.
705 1209 780 1247 531
818 1205 946 1257 μαζὸν
983 1212 1021 1246 et
1053 1221 1089 1246 v.
1127 1208 1200 1246 897
1237 1204 1394 1257 μαστὸν
1403 1222 1420 1254 ,-
1460 1210 1499 1253 et

193 1292 229 1318 v.
255 1279 331 1318 531
363 1283 400 1318 et
434 1282 562 1318 nostro
590 1280 673 1318 loco
700 1279 945 1318 Blomfieldus
971 1279 1185 1328 Weilioque
1218 1278 1380 1328 aliisque
1402 1291 1498 1329 vpro-

194 1351 370 1390 bantibus
405 1351 504 1390 bene
534 1352 697 1390 restituit
730 1350 900 1401 μαστόν.
958 1351 1165 1402 Aptissime
1199 1355 1326 1390 autem
1362 1350 1513 1390 dicitur*

193 1421 350 1474 μαστὸν
377 1421 623 1476 ἀμφέχασκεν
652 1445 697 1452 --
727 1423 845 1464 verba
880 1423 991 1475 enim,
1028 1435 1126 1474 quae
1152 1423 1392 1463 Robortellus
1425 1427 1499 1463 tra-

193 1496 291 1535 didit
324 1494 491 1546 μασθὸν
527 1495 734 1548 ἀμφέσχηκ’
773 1509 1014 1546 nequaquam
1048 1501 1137 1536 sunt
1170 1496 1413 1547 respicienda
1448 1520 1498 1525 ——

194 1568 243 1608 de
268 1568 412 1608 infante
447 1568 623 1618 lactante,
660 1569 761 1618 quod
796 1573 990 1609 maternae
1024 1552 1213 1626 mammae
1239 1569 1426 1621 papillam
1452 1581 1500 1608 ex

195 1640 297 1679 omni
331 1644 440 1691 parte
474 1640 590 1679 labris
628 1641 891 1681 circumfusam
927 1642 1087 1693 exsugit.
1142 1642 1334 1682 Omissum
1361 1641 1500 1681 deinde

194 1712 403 1762 articulum,
432 1724 544 1761 quem
557 1713 683 1752 verbis
710 1711 807 1763 ἐμὸν
835 1712 1079 1763 θρεπτήριον
1105 1713 1275 1753 additum
1305 1717 1520 1764 exspecta·v
1581 1709 1585 1711 “

194 1785 311 1834 veris,
347 1788 474 1823 monet
498 1785 728 1824 Klausenius
760 1785 922 1825 laudans
954 1785 1162 1826 Bernhard.
1198 1787 1305 1838 Synt.
1343 1800 1381 1837 p.
1409 1786 1498 1829 316.

193 1857 370 1896 Ceterum
388 1854 644 1907 θρεπτήριον,
676 1857 776 1907 quod
803 1871 838 1897 v.
858 1860 901 1897 6:
929 1856 1138 1909 πλόκαμον
1160 1856 1291 1912 Ἰνάχῳ
1318 1856 1507 1909 ἂρεπτὴ-γ

194 1943 294 1979 ριον,
337 1929 509 1980 „ch-rum,
549 1930 614 1979 qui
652 1931 793 1971 Inacho
833 1944 858 1969 a
896 1943 957 1970 me
991 1932 1153 1971 nutritus
1193 1932 1292 1982 est“,
1331 1931 1500 1982 passivo,

192 2001 319 2041 activo
355 2013 468 2041 sensu
501 2005 628 2041 nostro
655 2003 738 2042 loeo
766 2003 933 2054 positum
960 2007 1035 2043 est:
1077 2016 1276 2055 „mamma‚
1315 2014 1414 2053 quae
1439 2014 1501 2041 me
1570 2044 1573 2046 ,

193 2073 388 2113 nutrivit“.
443 2074 548 2112 Libri
582 2074 720 2114 deinde
751 2076 936 2126 praebent
962 2073 1132 2127 θρόμβῳ
1161 2075 1215 2114 δέ.
1272 2075 1351 2115 Sed
1386 2087 1501 2125 quum

194 2146 312 2186 verba
344 2148 472 2196 ἔμιξεν
499 2146 610 2198 φίλον
645 2146 745 2200 γάλα
780 2146 950 2200 θρόμβῳ
987 2151 1160 2199 αὶζιιατος
1195 2148 1343 2200 somnii,
1379 2151 1422 2187 ut
1446 2147 1502 2187 ita

192 2219 330 2269 dicam,
369 2224 599 2259 momentum
639 2225 743 2271 sunt,
783 2222 881 2261 bene
918 2222 1157 2263 Hermannus
1196 2205 1237 2260 τὲ
1278 2220 1502 2261 emendasse

195 2290 288 2329 mihi
314 2290 472 2331 videtur.
525 2293 724 2332 Librorum
751 2293 889 2333 deinde
929 2293 1155 2345 scripturam
1188 2290 1498 2344 ἂμφιταρβίτῳδ’

281 2446 318 2486 ¹⁸)
341 2449 383 2482 ef.
405 2449 509 2489 Rost„
531 2460 581 2491 gr.
604 2460 654 2491 gr.
678 2448 697 2489 ἕ
723 2450 792 2483 133.
818 2450 845 2483 l.
