1688 2831
1236 0 1361 15 ⁴*z,»-
1371 0 1453 18 ---------

192 155 241 194 18

130 277 142 289 ο
189 263 230 297 ἕν
262 273 300 297 τι
335 264 477 303 ποιεῖν,
516 255 607 300 τοῦς
645 255 686 295 δὲ
718 254 776 306 μή
806 270 843 293 τι
880 254 1019 305 ὃρᾶν.“
1068 255 1119 295 At
1154 268 1233 295 rem
1268 254 1381 295 aliter
1414 230 1499 296 sese

188 330 347 381 habere,
389 327 724 368 ne·K1ausenium
765 328 918 377 quidem
959 328 1107 379 effugit,
1147 328 1188 366 in
1228 327 1498 379 commentario

189 403 458 454 explicantem:
500 401 630 452 „dicas
656 401 778 451 nobis,
813 402 853 440 in
881 413 1091 451 quanam
1118 413 1159 440 re
1185 405 1224 440 te
1250 401 1313 440 vel
1347 397 1498 451 agendo
1537 406 1541 408 “
1572 402 1576 411 ³

187 475 248 514 vel
283 474 496 513 actionibus
530 472 755 512 abstinendo
789 472 975 523 adjuvare
1009 472 1236 524 possimus“,
1276 484 1389 522 quem
1415 484 1498 511 sen·
1540 463 1543 466 ’

188 560 271 587 sum
310 548 350 586 in
385 547 511 586 verbis
551 560 589 586 a·
612 546 819 586 Klausenio
859 546 899 586 in
929 550 1078 600 *textum
1117 545 1282 597 receptis
1321 544 1498 595 equidem

170 620 356 660 inveni-re
382 631 458 659 non
485 631 648 671 possum.
702 619 802 658 Nam
837 619 871 658 si
905 619 956 659 ad
990 620 1126 672 ἐξηγοῦ
1152 617 1315 669 intelligi
1342 617 1498 657 deberet
1520 647 1525 649 Α

188 692 233 731 σύ
274 689 364 742 ,hiem
407 692 588 732 deberent
627 692 734 741 sequi
774 693 910 743 verba,
959 705 1056 742 quae
1096 688 1212 732 verbo
1251 691 1373 741 finito,
1419 703 1498 731 non

185 765 403 804 accusativo
432 776 517 804 cum
543 763 730 804 infinitivo
767 764 818 803 ad
845 764 1090 816 participium
1124 764 1241 816 λέγων
1269 762 1497 814 respiciente

185 837 311 887 posita
336 837 388 875 ad
413 837 532 875 verba
560 836 608 875 σύ
633 839 710 886 μὲν
735 839 874 888 ἐξηγοῦ
900 838 1117 888 respiciant,
1145 837 1207 876 vel
1232 836 1371 886 potius,
1398 847 1497 884 quae
1526 882 1528 884 ,

185 909 245 949 1118
270 909 398 949 verbis
431 912 681 961 opponantur,
719 909 800 948 sive
828 907 899 962 ἐγώ
929 908 971 947 δὲ
1005 906 1245 961 ἐξηγήσομαι
1279 908 1361 947 sive
1393 906 1498 958 φίλοι

187 982 229 1020 δὲ
265 980 519 1034 ἐξηγήσονται
555 982 636 1021 sive
671 983 750 1021 alia
785 982 934 1021 similia.
990 981 1104 1021 Haud
1148 981 1227 1020 scio
1269 993 1320 1020 an
1362 979 1497 1020 eadem

186 1067 302 1094 causa
323 1054 439 1093 fuerit
465 1054 646 1106 Stanleio,
679 1055 861 1105 Porsona,
897 1054 1109 1105 Schuetzio,
1143 1048 1368 1093 Blomfieldo
1395 1052 1497 1092 aliis-
1527 1041 1533 1046 i

127 1114 129 1116 Ι
186 1140 258 1177 que
272 1118 297 1177 ,¹
336 1139 493 1176 quorum
548 1127 732 1167 editiones
785 1131 938 1178 praesto
991 1127 1085 1166 mihi
1137 1139 1214 1174 non
1235 1129 1249 1137 ⁴
1268 1130 1354 1166 sunt
1366 1157 1377 1176 ,
1429 1137 1498 1168 cur

185 1199 423 1251 scripserint:
1218 1187 1221 1189 ’

746 1270 867 1309 τᾶλλα
896 1271 931 1309 δ”
962 1274 1100 1323 ἐξηγοῦ
1128 1271 1265 1321 φίλοις,

308 1341 403 1387 τοὺς
429 1342 507 1393 μέν
532 1357 570 1381 τι
597 1350 738 1389 ποιεῖν,
769 1341 862 1387 τοὺς
891 1343 932 1381 ὸὲ
958 1341 1017 1394 μή
1046 1357 1083 1382 τι
1111 1342 1207 1394 δρᾶν
1234 1342 1366 1395 λέγων.

184 1415 235 1453 At
271 1426 346 1454 non
383 1414 504 1453 solum
550 1426 709 1466 „parum
744 1419 834 1466 apte
871 1415 1007 1454 chorus
1042 1415 1136 1453 dicit
1169 1413 1262 1458 τούς
1298 1414 1338 1451 δὲ
1372 1412 1431 1464 μή
1460 1428 1496 1451 τι

186 1486 285 1537 δρᾶν
311 1487 454 1538 λέγων“
496 1491 533 1526 et
567 1500 645 1527 11011
680 1488 802 1526 solum
843 1488 906 1538 ²,in
943 1500 987 1526 eo
1015 1499 1144 1538 versu,
1186 1490 1262 1537 qud
1288 1486 1504 1525 orationem*

185 1571 293 1597 suam
328 1558 464 1609 incipit
498 1544 663 1609 Orestes,
698 1557 818 1608 τήνδε
852 1562 926 1609 μὲν
965 1558 1123 1611 στείχειν
1158 1558 1231 1597 ε’σω
1266 1559 1322 1597 ita
1354 1558 1496 1616 dictum

186 1635 260 1682 est,
295 1635 336 1669 ut
361 1644 438 1670 non
464 1632 586 1682 possit
622 1632 715 1671 satis
751 1630 904 1671 defendi
938 1631 1203 1671 anacoluthiae
1230 1631 1496 1671 excusatione“

186 1726 237 1731 -
263 1707 304 1741 ut
341 1707 443 1742 recte
478 1708 606 1742 monet
633 1704 873 1743 Hermannus
900 1727 969 1754 ——,
1007 1703 1075 1760 sed
1112 1704 1226 1743 etiam
1253 1703 1371 1743 verba
1404 1701 1497 1747 τοὺς

185 1775 260 1824 μέν
288 1790 325 1813 τι
352 1782 493 1822 ποιεῖν,
528 1773 621 1819 τούς
658 1775 698 1813 δὲ
733 1774 792 1825 μή
821 1791 857 1814 τι
886 1775 983 1826 δρᾶν
1010 1776 1129 1827 λέγων
1157 1788 1241 1814 011111
1267 1775 1497 1827 praeceden-

184 1847 287 1885 tibus
322 1858 563 1896 nequaquam
599 1848 692 1886 satis
733 1852 953 1897 congruunt.
1007 1849 1087 1887 Imo
1123 1849 1267 1899 potius,
1310 1848 1343 1887 si
1377 1844 1514 1887 ullum·

186 1918 277 1967 quid
305 1918 431 1957 verbis
457 1918 576 1957 τᾶλλα
605 1918 641 1956 δ’
666 1921 800 1971 ἐξηγοῦ
831 1919 966 1969 φίλοις,
998 1932 1072 1969 quo
1099 1920 1222 1971 magis
1249 1910 1495 1972 explicentur,
1513 1973 1521 1979 .

188 1990 353 2041 additur,
388 1990 607 2031 addendum
635 1995 692 2031 est
718 1992 790 2032 hoc
816 1992 856 2031 in
883 1992 1175 2044 interrogatione
1202 1993 1378 2045 positum,
1413 1993 1495 2034 sive

184 2063 316 2115 λέγων,
357 2062 460 2107 τίνες
495 2065 574 2114 μὲν
600 2063 743 2102 ποιῶσί
776 2079 833 2110 τι,
872 2063 973 2108 τίνες
1010 2065 1051 2103 δὲ
1086 2065 1144 2116 μή
1173 2080 1210 2104 τι
1247 2064 1387 2116 δρῶσι,-
1413 2066 1495 2106 Sive

184 2136 317 2187 λέγων,
356 2135 395 2174 τί
421 2138 458 2173 οἱ
483 2138 561 2185 μὲν
587 2141 740 2182 ποιῶσι,
780 2136 819 2174 τί
845 2139 882 2175 οἱ
916 2136 957 2175 δε
992 2136 1051 2187 μή
1081 2137 1197 2188 δρῶσι
1232 2139 1313 2178 sive
1341 2139 1493 2179 similia.
1501 2162 1515 2166 -

183 2207 296 2256 Quod
322 2208 578 2259 intelligentes
604 2208 676 2247 viri
703 2208 806 2272 docti
833 2213 870 2248 et
895 2210 1124 2250 Klausenius
1159 2211 1199 2250 in
1225 2211 1495 2255 commentario

183 2280 355 2331 scripsit:
403 2279 535 2330 „dicas
571 2281 692 2331 nobis,
728 2282 767 2319 in
795 2294 999 2330 quanam
1026 2295 1067 2321 re
1094 2265 1131 2322 te
1158 2284 1220 2323 vel
1255 2282 1416 2335 agendo
1431 2285 1495 2324 vel

181 2353 232 2394 ab
259 2352 473 2394 actionibus
500 2352 727 2394 abstinendo
759 2353 943 2405 adjuvare
970 2355 1184 2408 possimus“
1210 2360 1248 2397 et
1274 2357 1495 2409 Hartungus

180 2427 221 2465 in
249 2426 519 2467 commentario
547 2427 773 2477 explicavit:
822 2428 999 2478 „Orestes
1025 2430 1096 2468 soll
1123 2442 1255 2481 sagen,
1281 2442 1380 2469 was
1404 2442 1494 2469 man

180 2499 275 2539 thun
301 2498 381 2539 und
406 2499 533 2540 lassen
560 2499 680 2540 solle“
715 2498 891 2550 idemque
918 2501 1050 2541 vertit:
1104 2502 1220 2557 „Wer
1247 2502 1368 2551 etwas
1400 2491 1494 2543 {hun
