1688 2831
415 243 509 282 ἀλλά
538 242 730 288 κλύοντες,
759 242 935 292 μάκαρες
960 241 1127 293 χθόνιοι,

414 314 530 365 τῆςὸε
555 317 738 366 κατευχῆς
763 312 928 363 πέμπετ’
960 310 1113 364 ἀρωγὴν

351 389 355 395 ’
416 387 554 426 παισὶν
578 384 902 436 προφρόνως·ἐπὶ
930 384 1014 436 νίκῃ
1041 408 1092 413 -

228 461 438 510 iterumque
460 472 485 498 a
511 458 624 498 choro
651 471 686 497 v.
716 458 790 496 722
818 468 918 506 sqq:

418 529 446 570 ὦ
472 528 615 570 πότνια
641 527 746 581 χθών
773 529 837 566 καὶ
864 526 985 567 πότνί
1009 526 1104 577 ἀκτὴ

415 601 609 656 χώματος,
640 601 667 651 ἢ
692 604 763 640 νῦν
792 599 855 639 ἐπὶ
882 598 1060 652 ναυάρχῳ

418 673 568 725 σώματι
594 681 716 712 κεῖσαι
742 678 794 724 τῷ
821 671 1013 723 βασιλείῳ,

414 750 487 785 νῦν
514 744 751 790 ἐπάκουσον,
781 748 854 784 νῦν
882 742 1078 794 ἐπάρηξον
1105 766 1154 772 -

228 819 348 869 patris
381 819 491 858 inferi
525 822 638 866 atque
673 816 829 856 deorum
855 816 1058 855 inferorum
1094 816 1277 855 auxilium
1303 816 1406 855 haud
1439 829 1532 857 sane

228 890 465 930 incommode
490 877 702 939 invocatum
742 893 871 928 nostro
898 892 1024 928 autem
1050 889 1146 939 loeo,
1173 889 1239 928 ubi
1265 889 1314 928 de
1342 889 1531 940 Clytaem-

227 966 378 1002 nestrae
416 962 580 1012 somnio,
619 965 661 1000 ut
700 961 795 1000 bene
836 960 1005 1010 eveniat,
1054 960 1198 1011 agitur,
1238 961 1393 1001 Orestes
1432 961 1532 1002 hane

226 1040 365 1077 terram
409 1034 603 1087 patrisque
648 1034 863 1085 sepulerum
910 1045 1045 1085 parum
1085 1034 1283 1074 commode
1329 1035 1532 1087 imprecari

226 1108 318 1148 mihi
353 1107 511 1147 videtur.
563 1107 698 1157 Neque
733 1106 890 1157 somnia,
926 1106 1100 1157 quamvis
1137 1106 1241 1158 apud
1276 1107 1417 1148 inferos
1450 1120 1532 1150 ver-

225 1185 365 1231 sentur,
392 1184 433 1219 ut
459 1180 601 1231 legitur.
621 1180 725 1231 apud
751 1180 861 1220 Hom.
890 1179 961 1219 Od.
988 1180 1131 1231 XXIV,
1162 1181 1210 1220 12
1237 1193 1343 1231 sqq:

349 1250 430 1302 πάρ
459 1251 493 1290 δ’
526 1253 613 1290 ἴσαν
643 1274 689 1280 -—
719 1264 772 1291 se.
799 1251 1006 1290 Mercurius
1033 1264 1310 1303 procerumque

659 1324 941 1364 interfectorum
967 1325 1129 1376 animae,

659 1407 754 1445 quas
779 1396 846 1435 ille
872 1396 923 1436 ad.
948 1396 1094 1449 inferos,
1114 1396 1268 1437 deducit
1297 1419 1339 1427 —

522 1465 717 1506 Ὠκεανοῦ
744 1483 787 1507 τε
813 1466 908 1519 ῥοάς
935 1468 997 1507 καὶ
1028 1466 1215 1508 Λευκάδα
1242 1469 1404 1521 πέτρην,

350 1538 424 1588 ἠδὲ
450 1539 533 1589 παῤ
559 1538 702 1588 ἠελίοιο
730 1538 855 1584 πύλας
881 1540 945 1579 καὶ
974 1540 1106 1592 δῆμον
1134 1541 1292 1593 ὀνείρων

351 1609 504 1661 ἤϊσαν(
525 1610 625 1661 αἶψα
653 1610 687 1649 δ’
721 1615 849 1652 ἵκοντο
878 1611 955 1651 κατ’
987 1612 1203 1665 ἀσφοδελὸν
1230 1615 1415 1666 λειμῶνα,

352 1685 454 1721 ἔνθα
479 1698 523 1721 τε
549 1683 702 1722 ναίουσι
728 1684 860 1736 ψυχαί,
892 1684 1028 1723 εἴδωλα
1055 1685 1265 1736 καμόντων
1295 1710 1336 1715 -

227 1768 253 1794 a
287 1755 362 1795 diis
401 1755 531 1794 inferis
570 1755 765 1795 mittuntur
799 1756 1013 1811 hominibus
1051 1762 1209 1809 rataque
1248 1760 1359 1811 fiunt,
1399 1759 1469 1800 sed
1506 1773 1534 1800 a
1586 1776 1591 1785 ·

229 1828 338 1878 Jove,
373 1826 529 1867 deorum
564 1839 784 1879 superorum
809 1830 973 1869 maxime
1008 1842 1098 1881 rege
1124 1843 1170 1872 ae
1196 1836 1317 1884 patre,
1353 1836 1394 1872 ut
1419 1832 1529 1872 Hom.

228 1899 272 1938 11.
299 1899 329 1949 1,
357 1900 425 1937 63:

664 1971 726 2009 καὶ
752 1971 826 2023 γάρ
852 1972 881 2012 τ’
915 1972 1010 2025 ὄναρ
1039 1977 1077 2013 ἐκ
1105 1974 1199 2020 Διός
1225 1979 1328 2016 ἐστιν

230 2046 268 2082 et
293 2027 508 2095 Il.⁴11‚26:
539 2039 652 2087 οὖλος
680 2041 827 2094 ὄνειρος
854 2044 905 2096 (v.
928 2047 993 2098 6.),
1020 2059 1132 2097 quem
1158 2049 1308 2100 Jupiter
1333 2049 1532 2101 Agamem-

229 2114 321 2154 noni
347 2114 470 2153 misit:
1575 2167 1578 2170 Δ

666 2184 761 2231 Διὸς
788 2186 831 2226 δέ
855 2203 916 2227 τοι
942 2212 991 2219 -
1018 2191 1140 2244 inquit
1166 2216 1216 2222 —
1245 2191 1406 2247 ἄγγελός
1433 2197 1528 2246 εἰμι.
1554 2234 1556 2237 ,

230 2258 338 2305 Quae
378 2269 493 2308 quum
532 2258 587 2297 sie
626 2270 668 2298 se
703 2259 885 2311 habeant,
925 2274 1001 2301 non
1041 2264 1183 2316 dubito,
1225 2266 1316 2316 quin
1357 2267 1407 2307 sit
1446 2281 1533 2307 eon-

225 2329 484 2382 jungendum:

353 2401 428 2440 ἀλλ’
459 2401 635 2454 εὔχομαι,
664 2407 715 2454 γῇ
742 2403 836 2453 τῇδε
863 2404 926 2442 καὶ
952 2404 1102 2455 πατρὸς
1128 2405 1236 2457 τάφῳ

352 2473 555 2525 τὸυνειρον
582 2472 680 2513 εἶναι
706 2474 806 2514 τοῦτ’
839 2477 927 2527 ἐμοὶ
953 2476 1188 2529 τελεσφόρον
1216 2502 1278 2526 -,
