1688 2831
1460 85 1487 125 5

174 188 325 240 Impero
361 192 498 241 autem,
539 192 581 227 ut
621 189 788 229 celentur
820 189 916 229 haec
952 189 1113 230 consilia
1147 201 1244 241 mea,
1284 193 1327 229 ut
1352 193 1391 230 et
1416 189 1485 243 illi,
1524 192 1533 201 ¹

177 260 242 311 qui
278 260 477 300 honestum
510 261 631 300 virum
659 260 867 301 occiderint
903 261 1003 312 dolo,
1043 261 1132 301 dolo
1172 262 1287 301 etiam
1323 266 1485 313 pereant

55 388 57 391 ξ
94 331 97 334 ⁴
175 333 311 374 iisdem
332 334 483 384 >laqueis
510 334 612 386 capti
620 334 663 386 4),
696 337 739 373 111
763 334 906 373 Loxias
934 346 1083 384 quoque
1109 334 1317 386 praedixit,
1344 334 1483 386 Apollo

23 430 31 437 ν
58 403 61 406 ’
137 446 143 449 ,
174 406 413 458 gubernator,
439 406 617 446 fatidicus
642 410 757 446 antea
783 406 938 446 minime
963 407 1092 446 fallax.
1145 408 1352 458 Peregrino
1379 408 1481 446 enim

129 507 131 509 -
175 479 308 519 similis
344 479 514 531 perfecta
547 483 738 519 armatura
773 483 941 519 armatus
977 491 1063 519 cum
1090 480 1172 520 viro
1198 480 1283 531 hoc,
1321 479 1485 531 Pylade,

174 551 226 591 ad
251 556 382 604 portas
407 551 635 591 domesticas
662 552 894 603 perveniam,
929 546 972 590 111
998 551 1133 591 domus
1160 552 1301 603 hospes
1316 556 1366 610 ⁶et
1391 552 1484 591 ami-

175 637 242 665 cus
279 625 378 665 bello
412 625 661 669 consociatus.
713 625 762 663 Et
796 628 953 675 uterque
986 624 1200 664 emittemus
1233 636 1367 664 vocem
1393 625 1483 664 Par-

174 698 332 748 nasiam,
359 697 568 736 Phocensis
594 697 749 748 linguae
775 708 909 736 sonum
934 697 1137 736 imitantes.
1175 697 1266 747 Fac,
1293 697 1483 736 neminem

169 770 379 821 janitorum
417 770 518 809 laeto
565 769 692 809 animo
732 782 802 809 nos
840 770 940 809 velle
988 769 1178 821 recipere,
1228 781 1343 819 quum
1382 770 1483 809 malo

174 842 327 882 numine
362 846 535 881 teneatur
567 842 718 881 domus:
764 842 1000 881 manebimus
1034 843 1106 893 ita,
1147 846 1189 880 ut
1222 842 1339 881 aedes
1374 854 1483 893 prae-

104 907 119 916 *
174 916 313 955 tei-iens
352 915 491 965 aliquis
530 914 769 965 conjiciendo
808 928 889 954 rem
923 915 1112 966 intelligat
1146 914 1323 965 dicatque
1363 915 1481 956 haec:
1524 947 1533 954 .

173 987 379 1039 „quidnam
420 987 631 1038 supplicem
669 987 790 1037 portis
830 986 997 1025 excludit
1030 987 1253 1038 Aegisthus,
1294 987 1481 1037 siquidem

173 1061 276 1100 domi
302 1072 460 1100 versans
487 1060 623 1099 certior
648 1059 771 1099 faetus
799 1060 906 1100 est?‘-‘
934 1059 1009 1100 Ubi
1035 1063 1162 1099 autem
1188 1059 1480 1100 domesticarum

172 1136 366 1186 portarum
391 1133 507 1171 limen
533 1135 790 1183 transgressus
815 1132 921 1170 illum
947 1132 988 1171 in
1013 1133 1134 1183 patris
1160 1132 1256 1171 solio
1284 1131 1479 1171 sedentem

171 1208 352 1247 invenero
391 1190 458 1245 aut
497 1205 649 1245 obviam
696 1217 846 1255 quoque
895 1205 988 1245 mihi
1035 1209 1171 1257 postea
1216 1206 1300 1245 iens
1348 1206 1478 1246 oculos

172 1278 364 1318 sustulerit
404 1282 457 1328 et,
497 1290 546 1316 ne
585 1277 733 1327 dubita,
774 1276 973 1327 dejecerit,
1014 1288 1085 1327 ego
1126 1288 1228 1327 eum,
1273 1281 1477 1327 antequam

172 1351 328 1390 dixerit:
382 1350 524 1400 „Oujas
551 1349 760 1388 advena?“
804 1349 1028 1389 interficiam
1054 1349 1169 1389 celeri
1194 1348 1294 1389 ferro
1322 1349 1477 1389 011011111-

167 1422 283 1474 jecto.
336 1422 385 1460 Et
409 1422 526 1461 Furia
550 1418 790 1471 nequaquam
817 1420 936 1471 caede
952 1415 961 1421 ’
975 1433 1109 1460 carens
1147 1421 1241 1460 meri
1280 1421 1488 1472 sanguinis,

171 1495 276 1534 bibet
309 1494 461 1533 tertium
492 1498 634 1545 potum.
689 1494 800 1551 Nunc
833 1493 948 1544 igitur
973 1497 1015 1532 tu
1050 1493 1204 1543 quidem
1230 1494 1328 1533 bene
1355 1497 1476 1533 custo-

129 1553 131 1555 *
160 1567 267 1618 -dias,
294 1578 392 1617 quac
418 1565 519 1605 intus
544 1564 649 1615 fiunt,
676 1569 717 1604 ut
743 1565 839 1604 haec
865 1565 1007 1616 optime
1031 1565 1224 1615 eveniant;
1252 1577 1322 1605 vos
1348 1568 1476 1605 autem

167 1640 284 1690 jubeo
324 1638 464 1689 linguis
503 1638 633 1676 favere
672 1642 709 1676 et
750 1637 854 1686 justo
896 1641 1066 1688 tempore
1104 1641 1233 1677 tacere
1271 1641 1309 1677 et
1347 1636 1476 1677 dieere

172 1714 394 1764 opportuna.
449 1709 584 1749 Cetera
622 1721 724 1759 vero,
764 1713 805 1747 ut
844 1709 1044 1759 intueatur,
1082 1709 1228 1760 impero
1267 1709 1367 1760 huie,
1409 1709 1475 1760 qui

171 1783 290 1834 gladii
318 1786 509 1821 certamen
535 1781 628 1820 mihi
656 1781 925 1820 constituerit.“

275 1853 419 1902 Quibus
446 1852 557 1893 dictis
584 1852 737 1893 Orestes
770 1864 856 1892 cum
882 1850 1031 1904 Pylade
1064 1851 1116 1892 ad
1142 1852 1341 1893 consilium
1366 1864 1475 1905 prae-

171 1926 383 1978 parandum
423 1925 632 1975 digreditur
672 1930 710 1963 et
748 1925 901 1963 Electra
936 1915 1031 1964 ⁸sola
1077 1924 1128 1964 ad
1180 1925 1297 1965 aedes
1348 1925 1475 1976 regias

171 1997 393 2051 regreditur,
420 1997 556 2037 chorus
582 2000 709 2036 autem
735 2008 935 2037 remanens
960 1996 1065 2036 canit
1090 1996 1243 2037 carmen
1267 1996 1476 2049 respiciens

171 2071 223 2127 ad
248 2084 339 2111 rem.
373 2092 413 2098 --
1499 2117 1505 2122 ⁵

275 2142 352 2184 Sed
381 2142 465 2194 jam
490 2141 566 2181 loci
590 2140 709 2181 nostri
744 2140 894 2193 singula
918 2140 1199 2193 perlustramus,
1232 2145 1271 2181 et
1295 2144 1476 2193 sequatur

171 2215 447 2257 dissertationis
473 2215 593 2254 altera
618 2226 719 2265 pars,
746 2225 822 2264 qua
848 2214 1084 2253 contineatur

255 2371 280 2413 ⁴)
299 2373 364 2414 leg.
388 2369 473 2411 δόλῳ
495 2382 531 2411 γε
554 2374 608 2401 καὶ
630 2369 781 2403 θάνωσιν
798 2368 833 2400 ἐν
852 2367 961 2409 ταῦτῳ
984 2368 1093 2413 βρόχῳ
1116 2367 1302 2411 ληφθέντες
1322 2368 1390 2405 κτλ.
