1688 2831
730 187 751 204 Ι

513 229 589 281 „Es
617 227 780 269 wenden
806 227 870 268 die
896 227 1105 267 Herrseher

511 303 577 341 Ihr
602 300 816 352 segnendes
841 301 952 350 Auge

511 375 597 413 Von
623 385 771 424 ganzen
798 372 1107 423 Gesehleehte'rn,

510 445 600 485 Und
627 445 778 484 meiden
804 445 857 483 im
883 445 1010 484 Enkel

508 517 584 555 Die
610 517 767 556 eh'mals
794 516 986 566 geliebten

429 573 432 576 ⁴
465 595 472 600 ““
506 590 593 629 Still
620 589 815 629 redenden
838 590 944 640 Zflge

506 661 587 702 Des
612 661 814 701 Ahnherrn
841 673 887 700 zu
915 660 1045 701 sehn.“
1074 683 1123 689 —

195 734 271 773 Sed
298 735 394 773 haee
420 735 514 773 satis
540 747 741 785 superque.
770 734 996 785 Cori-uptam
1017 733 1158 772 deinde
1183 733 1364 772 librorum
1391 734 1510 783 serip-

288 574 313 587 ι
338 574 347 584 0

122 837 126 841 .
194 810 317 847 turam
345 804 417 846 σύν
445 802 518 846 οὖν
543 807 592 846 Μ.
622 805 668 846 σύ
705 803 777 846 οὖν
805 806 852 846 Gr.
879 806 966 845 Ald.
993 806 1088 846 Rob.
1127 804 1177 844 σὺ
1212 803 1249 843 δ’
1290 801 1363 844 οὖν
1391 805 1508 846 Turn.

194 879 401 919 emendans
413 879 660 919 Blomfieldus
680 880 835 931 scripsit
845 883 920 917 νῦν
935 876 1021 925 οὖν,
1044 882 1087 917 ut
1098 877 1217 929 Soph.
1231 878 1288 917 El.
1299 892 1335 917 v.
1349 879 1396 917 15
1405 890 1508 928 sqq.:

319 956 391 992 νῦν
418 949 504 1000 οὖν,
530 952 712 1004 Ὀρέστα,
744 952 807 991 καὶ
837 950 898 1000 σύ,
929 951 1085 1003 φίλτατε
1102 951 1243 1012 ξένων,

317 1023 502 1075 Πυλάδη,
532 1025 575 1069 τίΙ
594 1024 664 1078 χρὴ
694 1026 805 1075 δρᾶν,
837 1028 880 1063 ἐν
906 1024 1012 1077 τάχει
1036 1025 1283 1076 βουλευτέον.

193 1097 395 1149 ἀρτίκολλα
406 1099 455 1150 39)
490 1102 617 1138 autem
644 1098 783 1138 dicitur
810 1098 946 1138 eodem
972 1097 1098 1149 modo,
1134 1102 1176 1137 ut
1200 1087 1237 1138 v.
1263 1097 1362 1136 542:
1414 1111 1508 1149 συγ·
1579 1084 1581 1087 ’

192 1169 346 1217 κόλλως,
377 1150 543 1211 et'reete
570 1172 795 1211 scholiastes
824 1171 1010 1223 explieat:
1052 1169 1274 1222 »σύμφωνα
1300 1170 1365 1208 καὶ
1391 1168 1507 1221 ὑγιῶς
1533 1164 1535 1166 ’

193 1241 527 1294 συναρμαζὸμενα
562 1252 647 1289 ταῖς
682 1241 1076 1294 νεωστὶ,συνθήκαις
1110 1241 1264 1294 ἡμῶνίι,
1300 1246 1338 1281 et
1373 1253 1507 1282 versus

195 1320 308 1367 σιγᾶν
334 1315 373 1354 θ’
405 1317 509 1354 ὅπου
538 1316 596 1354 ὸέῖ
621 1318 684 1354 καὶ
719 1317 842 1367 λέγειν
868 1315 916 1354 τοὶ
953 1316 1083 1366 καίρια
1112 1339 1157 1344 -
1197 1315 1371 1355 similiter
1396 1315 1522 1354 Eum.-

193 1389 338 1428 v.277:
367 1386 438 1441 ἐγώ
457 1418 465 1427 .
494 1419 503 1427 .
528 1388 745 1439 ἐπίσταμαι
776 1420 783 1427 .
820 1420 827 1428 .
863 1420 871 1428 .
903 1389 966 1427 καὶ
993 1388 1115 1441 λέγειν
1144 1388 1249 1427 ὅπου
1277 1386 1361 1438 δίκη
1392 1390 1507 1441 σιγᾶν

191 1459 233 1498 θ’
265 1459 412 1510 ὁμοίως
439 1482 488 1489 -
516 1462 556 1499 in
583 1463 840 1513 suspicionem
865 1466 1024 1500 vocatus
1051 1462 1144 1500 satis
1163 1461 1377 1499 defenditur
1390 1472 1506 1510 quum

193 1545 219 1571 a
243 1532 465 1583 Klausenio,
491 1537 570 1571 tum
597 1546 622 1572 a
648 1533 904 1584 Bambergero
931 1533 1155 1583 Weilioque.
1211 1532 1340 1572 Verba
1365 1531 1506 1572 deinde

117 1643 123 1648 ,
189 1603 309 1654 δεῦρο
344 1628 395 1633 --
430 1605 563 1655 „quod
602 1618 787 1655 nusquam
824 1606 917 1644 mihi
946 1605 1102 1645 -videtur
1138 1617 1222 1646 esse
1262 1605 1396 1655 ,‚hic“‚
1436 1604 1505 1644 sed
1564 1645 1568 1648 .
1634 1590 1676 1625 ’ξς

194 1688 345 1729 semper
372 1677 504 1730 ,‚hue“‚
540 1681 582 1717 ut
615 1681 718 1718 reete
754 1681 881 1717 monet
908 1678 1147 1717 Wellauerus
1182 1677 1222 1716 in
1257 1677 1329 1717 lex.
1366 1676 1504 1717 Aeseh.

194 1772 242 1778 —
272 1754 310 1789 et
337 1750 491 1802 ἀγῶνας
518 1750 742 1801 ὀρθώσαντι
768 1756 872 1791 reete
898 1751 991 1790 mihi
1017 1751 1167 1790 videtur
1181 1751 1374 1814 expliezjre
1386 1751 1503 1790 Klau-

194 1822 339 1862 senius:
380 1824 558 1875 „proprie
586 1824 743 1875 erigere,
779 1835 994 1875 proponere
1021 1827 1211 1863 certamen
1238 1823 1388 1874 alieui“,
1416 1823 1441 1863 i.
1469 1835 1503 1863 e.

169 1896 389 1955 a,imponere
414 1896 529 1935 alicui
557 1901 748 1935 certamen
775 1896 1033 1946 efficiendum3
1063 1895 1207 1948 ἀγῶνες
1233 1900 1359 1937 autem
1373 1896 1503 1936 dieun-

191 1972 254 2007 tur
280 1965 505 2019 ξιφηφόροι,
542 1972 584 2007 ut
610 1969 782 2009 similiter
809 1982 842 2009 v.
872 1970 966 2008 720:
1008 1962 1255 2019 ξιφοδήλητοι
1283 1973 1321 2009 et
1346 1973 1389 2009 ut
1415 1968 1501 2020 δίκη

192 2041 281 2080 Ε111.
308 2040 450 2080 Baeeh.
478 2054 514 2081 v.
542 2042 638 2081 987:

318 2115 383 2152 ἴτω
412 2113 498 2152 δίκα
525 2113 716 2164 φανερὸς,
749 2115 814 2153 ἴτω
842 2113 1060 2165 ξιφηρόρος.
1303 2159 1309 2169 Χ

189 2186 251 2225 Ad
276 2186 477 2237 Pyladem,
514 2186 579 2236 qui
613 2187 739 2226 nullas
773 2187 847 2226 nisi
883 2187 1071 2227 secundas
1106 2192 1234 2239 partes
1269 2189 1431 2229 sustinet
1464 2193 1502 2229 et

188 2260 259 2311 pe'r
272 2260 391 2300 iotam
404 2260 484 2300 fere
510 2260 748 2311 tragoediam
774 2260 856 2311 agit
881 2272 1082 2311 personam
1096 2265 1250 2313 mutam,
1277 2262 1521 2317 scholiastes

188 2333 304 2373 refert
327 2331 468 2385 τούτῳ,
494 2346 530 2374 v.
546 2333 636 2373 583.
676 2328 728 2373 At
753 2345 877 2384 neque
903 2331 951 2373 τὰ
982 2332 1017 2373 δ’
1049 2332 1157 2382 ἄλλα,
1188 2336 1316 2376 omnia
1341 2336 1500 2388 reliqua,

272 2437 311 2478 ⁸⁹)
332 2440 509 2482 „Px-aprio:
542 2440 642 2472 modo
663 2437 815 2481 apiata‘z
842 2440 946 2472 vertit
967 2439 1075 2479 Todt„
1107 2440 1148 2473 de
1168 2441 1334 2483 Aeschylo
1354 2434 1501 2476 voeabu-

186 2495 297 2529 lorum
317 2491 503 2533 inventore,
524 2503 557 2534 p.
581 2492 631 2525 26.
658 2490 736 2526 Hal.
761 2490 853 2525 1855.
1363 2503 1377 2518 e
