1688 2831
153 145 227 188 24

174 249 346 301 hospites
379 248 548 288 amicitia
582 246 723 297 juncti,
764 246 855 296 quia
889 244 1037 283 firmum
1074 255 1158 284 esse
1193 241 1413 299 sodalitium
1445 242 1487 284 iu

175 322 277 361 bello
312 324 446 361 ortum.
448 321 471 341 “
524 319 700 358 Ceterum
735 321 837 357 recte
871 319 1000 356 monet
1034 316 1212 366 Weilius,
1252 315 1493 368 adjectrvmn
1530 367 1533 368 ⁷

177 392 381 459 δορύξενος
407 393 548 433 habere
574 391 764 431 sinistram
790 388 1087 439 ambiguitatem.
1130 389 1321 455 Praebent
1346 379 1510 444 deinde-2-
1524 411 1532 445 j

176 464 312 516 φωνὴν
345 466 496 516 ἥσομεν
533 465 648 502 Turn.
682 462 790 512 vict„
826 460 962 510 reliqui
997 459 1133 511 φωνὴν
1170 456 1357 511 σι’σομενε
1397 461 1487 500 arti-
1527 477 1538 482 ⁸

175 538 305 577 ficiose
339 537 412 576 hoc
448 549 531 576 esse
571 536 858 586 interpretatum
891 534 1058 584 Mai-tin„
1098 537 1140 572 ut
1175 533 1330 573 Orestes
1367 546 1412 574 se
1447 537 1488 577 et
1525 538 1528 540 '

174 608 360 660 Pyladem
395 608 499 648 dicat
534 608 703 659 linguam
729 606 955 645 Parnasiam
982 609 1177 655 tamquam
1204 604 1350 645 vestem
1376 604 1487 644 indu-

175 695 261 722 cere
294 686 331 721 et
364 685 514 733 gestare
549 681 659 732 velle,
699 691 822 729 neque
861 680 986 719 locum
1012 678 1197 719 Herodoti
1222 678 1288 730 IV,
1318 679 1399 718 1062
1426 678 1484 718 <ab

175 755 308 795 eodem
341 755 519 794 collatum
546 754 619 792 huc
651 753 842 804 pertinere
877 756 979 792 recte
1009 752 1280 803 judicaverunt
1305 751 1487 791 Bambot-

173 840 303 879 gems,
322 827 562 878 .Hartungus
597 826 755 876 aliique;
796 838 920 875 neque
959 824 1094 876 φωνὴν
1132 827 1298 877 οἴσομεν
1332 823 1488 865 defendi

173 904 298 951 potest
324 900 450 939 verbis
484 898 585 938 infra
620 898 865 948 sequentibus
893 912 928 937 v.
956 898 1051 937 581:
1096 898 1277 950 γλῶσσαν
1304 895 1486 948 εὔφημον
1529 903 1533 906 ’

174 973 317 1023 φέρειν,
359 972 400 1010 id
441 971 542 1021 quod
576 971 807 1011 Klausenius
849 975 1017 1023 conatur,
1065 971 1245 1021 quoniam
1284 969 1390 1010 aliud
1430 973 1488 1009 est
1528 971 1530 973 ’
1595 963 1599 966 ’

174 1043 311 1095 φωνην
345 1045 489 1095 φέρειν,
533 1043 637 1082 aliud
669 1044 849 1095 γλῶσσαν,
881 1044 1024 1094 φέρειν.
1082 1044 1210 1091 Quare
1234 1043 1504 1094 Hermannus„
1678 1068 1680 1071 -

173 1117 392 1157 Dindorfius
427 1116 568 1166 aliique
604 1129 753 1175 summq
781 1117 869 1166 jure
903 1117 1057 1167 ἥσομεν
1091 1118 1133 1156 in
1166 1121 1311 1157 textum
1336 1128 1488 1168 recepe-

174 1193 269 1228 ruut.
309 1189 544 1241 S‘cripturam
571 1193 699 1228 autem
726 1188 905 1228 traditam
932 1189 1198 1240 Παρνησσίδα
1226 1192 1369 1229 tutatur
1394 1189 1488 1229 Her-

173 1274 345 1313 mannus,
372 1260 612 1313 Παρνησίδα
624 1265 674 1308 2⁷)
710 1275 735 1301 a
761 1263 932 1302 Porsono
968 1262 1098 1302 datam
1131 1263 1172 1302 in
1205 1266 1369 1308 textum*
1386 1274 1501 1322 rece-K
1529 1277 1552 1308 '.
1573 1255 1607 1268 ““

174 1338 312 1385 perunt
338 1345 453 1383 quum
479 1334 546 1372 alii
572 1337 652 1372 tum
678 1334 910 1385 Dindorfius,
938 1334 1003 1384 qui
1027 1334 1130 1373 idem
1156 1334 1265 1373 Eum.
1291 1347 1328 1373 v.
1359 1335 1428 1385 11,·
1447 1338 1489 1373 ut
1557 1358 1562 1366 x
1602 1381 1605 1383 ‚

174 1407 414 1449 Hermannus
428 1404 689 1455 Παρνησσοῦ,
708 1406 840 1446 scribit
853 1405 1075 1456 Παρνησοῦ
1088 1406 1296 1446 adnotans:
1325 1419 1489 1457 „nomen
1526 1441 1530 1442 γ
1574 1413 1603 1454 -,„j

175 1479 249 1517 hoc
275 1478 434 1527 ejusque
460 1477 633 1516 derivata
668 1478 708 1515 in
741 1478 876 1528 paucis
908 1489 1011 1531 <quae
1044 1477 1234 1530 supersint
1259 1478 1490 1530 tragicorum

177 1550 362 1601 exemplis
397 1549 511 1589 modo
548 1548 764 1600 Παρνησός
799 1551 913 1591 1110ᾱο
947 1548 1165 1601 Παρνασός
1200 1551 1336 1591 scribi:
1390 1563 1489 1601 quae

176 1616 427 1675 librariorum,
454 1634 531 1661 non
557 1625 756 1673 poetarum
782 1622 1038 1662 inconstantia
1066 1634 1150 1662 esse
1176 1622 1366 1663 videatun
1396 1622 1490 1679 Sese
1530 1611 1549 1633 ³
1584 1610 1610 1632 Γ

177 1696 250 1735 etsi
277 1695 453 1735 Jonicam
488 1694 648 1734 formam
682 1695 892 1735 rationibus
926 1695 1151 1745 quibusdam
1187 1695 1340 1735 defendi
1374 1707 1490 1746 posse

177 1768 384 1818 intelligat,
419 1767 585 1817 tragicos
621 1770 748 1806 tamen
775 1767 881 1806 utin
915 1768 1002 1807 aliis
1028 1767 1225 1828 yocabulis
1260 1767 1399 1819 multis,
1435 1767 1490 1808 ita

177 1840 217 1879 in
257 1840 330 1879 hoc
378 1833 530 1889 quoque
568 1840 749 1879 Doricam
797 1840 956 1879 formam
1005 1840 1232 1891 praetulisse
1277 1840 1489 1891 judicare.“
1540 1830 1541 1833 ¹

179 1911 287 1958 Quae
321 1911 537 1950 Blomfieldi
574 1924 723 1961 quoque
757 1916 815 1951 est
850 1912 1037 1953 sententia
1071 1913 1282 1964 scribentis,
1315 1917 1358 1952 ut
1376 1913 1488 1953 Eum.

178 1985 202 2023 l.
230 1985 254 2024 l.
283 1983 520 2035 Παρνασοῦ,
559 1984 614 2023 ita
650 1988 779 2024 nostro
815 1985 900 2025 loco
928 1985 1180 2036 Παρνασίὸα,
1224 1985 1338 2037 „quia
1374 1997 1490 2036 quum
1532 2028 1535 2029 ⁷

178 2053 413 2106 Παρνάσιος
454 2055 618 2094 dixerint
652 2055 769 2095 Attici
804 2053 854 2096 de
892 2061 1019 2097 monte
1053 2058 1217 2109 Phocio,
1257 2056 1490 2109 Παρνήσιος

178 2141 269 2168 vero
304 2128 353 2168 de
379 2128 581 2179 Parnethe,
618 2133 745 2168 monte
771 2129 909 2180 Attico,
945 2130 1000 2170 sic
1037 2131 1151 2170 etiam
1178 2130 1387 2182 Παρνασὶς
1405 2136 1490 2183 κ«1015
1522 2154 1525 2156 -
1587 2111 1608 2184 2¹3-

177 2202 322 2242 dixisse
347 2202 547 2261 probabile
575 2202 641 2254 sit,
675 2197 806 2253 quum‘
817 2214 940 2243 sermo
968 2207 1068 2244 esset
1094 2203 1143 2244 de
1168 2205 1350 2245 Parnaso.
1393 2203 1489 2245 Con-
1548 2242 1550 2244 ,
1586 2201 1597 2213 ”

177 2268 267 2315 ferri
290 2276 401 2326 jubet
426 2277 556 2315 Elmsl.
597 2275 648 2315 ad
674 2276 865 2327 Aristoph.
892 2277 1055 2316 Acharn.
1083 2279 1171 2316 348.
1210 2278 1410 2318 Ruhnken.
1437 2277 1504 2318 adr

261 2452 301 2494 Β“’)
322 2454 365 2487 cf.
387 2453 537 2486 Erfurdt.
572 2453 616 2486 ad
639 2452 740 2496 Soph.
762 2454 842 2487 Ant.
866 2455 947 2488 1130
975 2456 1009 2487 et
1029 2455 1174 2488 Boeckh.
1207 2456 1251 2489 ad
1271 2456 1367 2490 Pind.
1388 2455 1508 2497 Ἐγὼ.-

177 2506 267 2541 VIII.
290 2506 365 2540 init.
