1688 2831
1462 0 1517 97 δὲ

181 142 254 181 .26

200 245 369 285 Verbum
396 243 592 295 δαιμονᾷ,
623 247 666 282 ut
690 242 795 294 Sept.
827 242 945 281 1001:
984 239 1026 280 ἰῶ
1055 240 1320 292 δαιμονῶντες
1346 243 1390 279 ἐν
1417 239 1505 292 ἄτᾳ,
1545 266 1549 270 -
1598 229 1633 255 ;

200 317 317 357 verbo
352 314 582 366 τετάρακται
618 315 715 354 bene
752 314 918 365 explieat
958 313 1182 353 scholiastes
1220 324 1345 363 neque
1382 312 1510 366 miuus
1556 351 1560 361 ,b
1599 312 1640 349 f:

200 394 302 430 reete
329 389 379 429 ad
405 403 439 429 v.
467 390 542 428 567
570 387 786 427 adnotavit:
822 386 895 426 κᾶν
920 384 979 437 μὴ
1009 385 1272 436 δεξιωθῶμεν,
1302 389 1509 436 μενοῦμεν

200 460 279 513 πρὸ
314 466 392 500 τῶν
421 464 553 511 θυρῶν
582 460 645 498 ἐπὶ
680 462 874 499 τοσοῦτον
910 459 1007 498 ὥστε
1043 456 1207 505 εἰκάζειν
1233 455 1321 497 τινα
1355 456 1509 509 ἦτιμῶ-
1623 511 1641 517 .„

200 539 337 584 θημεν
362 533 425 572 καὶ
452 536 613 571 τοιαῦτα
642 533 765 584 λέγειν
775 548 790 579 ,·
845 530 1020 578 εἰκάζειν,
1060 543 1112 571 sc.
1139 529 1185 570 τὸ
1213 514 1315 581 ἡμῖν
1341 518 1509 582 γενόμε-
1547 526 1559 566 s

200 620 285 652 νον,
315 601 547 656 conjectarij
561 604 812 655 conjectando
826 604 979 653 assequi
999 603 1156 654 aliquid,
1184 604 1249 653 qui
1268 589 1509 643 accusativus
1618 595 1628 603 ὅ

199 678 290 718 addi
317 678 425 729 solet,
453 681 492 716 ut
519 690 555 716 v.
584 678 680 716 976:

326 779 550 788 ......
584 748 634 792 ὡς
661 747 863 787 ἐπεικάσαι
890 746 1008 798 πάθη

321 820 522 873 πάρεστιν.
555 845 605 850 -—

198 900 236 936 et
262 896 395 948 Suppl.
422 909 458 935 v.
487 895 575 946 244,
603 894 697 934 245:

321 969 384 1007 καὶ
410 968 529 1007 τᾶλλα
556 966 665 1007 πόλλ’
694 967 895 1007 ἐπεικάσαι
923 968 1071 1007 δίκαιον
1099 965 1164 1018 ἦν,

322 1044 358 1080 εἰ
380 1039 439 1092 μὴ
467 1038 636 1092 παρόντι
663 1038 842 1094 φθόγγος
869 1038 921 1090 ἦν
950 1040 970 1079 ὃ
1000 1045 1256 1092 σημανῶν-

198 1118 235 1154 et
261 1114 378 1165 Soph.
404 1114 462 1152 El.
490 1127 526 1153 v.
554 1115 629 1153 647
659 1126 740 1164 sqq.
769 1114 845 1165 (ed.
867 1115 1043 1163 Wund.):

232 1186 289 1225 Π.
321 1186 423 1231 ξέναι
448 1168 647 1238 γυναῖκες,
684 1190 767 1231 πῶς
795 1186 845 1225 ἄν
873 1185 1017 1237 εἰδείην
1046 1190 1192 1238 σαφῶς,

323 1261 358 1297 εἰ
381 1262 453 1297 τοῦ
481 1258 677 1309 τυράννου
705 1258 856 1309 δώματ’
884 1258 1090 1311 Αἰγίσθου
1115 1257 1235 1306 τάδε,

234 1330 290 1369 Χ.
319 1329 408 1370 τάδ’
437 1330 554 1378 ἐστίν,
586 1327 614 1370 ὦ
642 1331 729 1376 ξέν’.
769 1329 887 1376 αὐτὸς
913 1330 1067 1383 ᾔκασας
1094 1331 1228 1375 καλῶς.

234 1403 292 1442 Π.
323 1401 348 1453 ἧ
376 1404 440 1442 καὶ
468 1402 653 1454 δάμαρτα
679 1403 793 1454 τήνδ’
822 1403 1035 1451 ἐπεικάζειν
1062 1408 1161 1454 κυρῶ

325 1475 478 1523 κείνους

199 1548 380 1588 Similiter
414 1547 688 1598 προςεικάζειν,
738 1561 985 1600 „comparare
1020 1549 1186 1598 aliquem
1222 1560 1307 1587 eum
1342 1548 1508 1598 aliquo“,

200 1624 238 1660 et
277 1620 360 1661 sine
399 1621 618 1678 accusativo
656 1626 693 1661 et
733 1622 814 1662 sine
849 1621 979 1661 dativo
1016 1622 1070 1661 rei
1104 1624 1348 1672 comparatae
1373 1620 1445 1672 Ag.
1472 1633 1508 1660 v.

202 1695 279 1734 164
304 1706 408 1743 sqq.:

326 1764 396 1804 οὐκ
423 1767 492 1818 ἔχω
520 1764 774 1817 προςεικάσαι
801 1764 920 1805 πάντ’
950 1763 1309 1817 ἐπισταθμώμενος

324 1836 430 1887 πλὴν
457 1836 551 1881 Διός
581 1859 643 1884 --,

199 1910 265 1949 ubi
292 1913 330 1950 et
356 1910 596 1950 aecusativus
620 1909 762 1949 οὐδένα
785 1910 866 1951 sive
894 1909 1010 1950 οὐδὲν
1038 1915 1077 1951 et
1102 1910 1254 1953 dativus
1281 1911 1354 1950 Διΐ
1373 1908 1521 1951 intelli-'

140 2027 144 2029 ,
199 1983 347 2039 gendus
375 1972 442 2023 est.
496 1984 730 2035 Scripturam
757 1985 864 2023 libris
890 1985 1102 2035 praebitam
1130 1983 1269 2035 δόμοις
1295 1983 1510 2034 παραστεί-

198 2071 320 2109 χοντα
350 2079 393 2085 -
423 2056 511 2096 libri
538 2055 842 2108 παραστίχοντα,
887 2070 979 2097 corr.
1007 2058 1196 2098 Victorius
1222 2082 1273 2087 —
1302 2056 1509 2097 emendans

198 2215 360 2242 mannus
387 2207 425 2242 et
442 2202 663 2242 Dindorfius
676 2202 727 2253 2⁸)
754 2214 899 2242 summo
922 2203 1010 2253 jure
1036 2204 1076 2244 in
1102 2208 1246 2244 textum
1273 2209 1516 2263 receperunt.⁸

197 2276 409 2315 Verborum
456 2275 557 2314 enim
599 2287 684 2315 oum
730 2276 1013 2327 praepositione
1058 2276 1166 2329 παρὰ
1214 2278 1508 2331 compositorum

196 2349 302 2389 nulla
336 2349 410 2389 nisi
446 2361 545 2400 quae
580 2348 658 2388 vim
692 2349 868 2389 movendi
904 2363 979 2390 non
1013 2351 1154 2392 habent
1188 2376 1224 2381 —
1259 2352 1388 2404 qualia
1422 2355 1509 2393 sunt

1673 1890 1688 1912 Γ

1673 1957 1688 1973 ¹5

1676 2001 1688 2023 2

199 2124 352 2181 scripsit
377 2129 637 2169 Boissonadus
674 2127 823 2179 δόμους
856 2130 1181 2183 παραστείχοντα,
1221 2131 1259 2170 id
1287 2131 1390 2182 quod
1415 2131 1509 2170 Her·
1583 2117 1688 2205 ἢ

1653 2202 1688 2254 ’ἐ

1672 2256 1688 2292 *3

281 2486 319 2525 ²⁸)
340 2488 391 2520 ed.
413 2488 547 2521 stereot.
570 2487 658 2528 Lips.
676 2488 728 2528 V.¹
750 2498 826 2521 non.
849 2487 899 2521 ed.
923 2487 997 2521 Oxf.
