1688 2831
192 124 245 162 30

193 224 343 277 στόμα,
375 224 462 277 σάφ’
494 226 597 270 ἴσθι,
627 223 690 262 καὶ
717 222 795 262 κατ’
828 220 1070 273 ὀφθαλμούς
1096 226 1163 261 aut
1189 243 1241 250 —-
1267 224 1309 260 ut
1334 221 1385 261 ab
1410 221 1504 262 Her-

192 311 332 339 manno
359 321 408 327 —
436 296 538 348 ἀρεῖ,
579 294 665 347 σάφ’
698 297 803 343 ἴσθι,
842 282 905 334 καὶ
939 295 1152 346 καταβαλεῖ
1184 288 1499 353 ὂφθαλμούςῧ).

191 371 372 410 Similiter
397 370 534 413 dicitur
560 369 670 407 Hom.
698 368 769 407 Od.
784 368 867 418 VH,
896 368 971 406 317
983 382 991 405 :

315 440 488 492 πομπὴν
516 440 552 479 δ’
581 444 627 485 ἐς
653 439 751 479 τόδ’
783 438 855 492 ἐγώ
882 440 1166 490 τεκμαίρομαι,
1206 438 1282 490 ὀφῤ
1310 436 1351 478 εὖ
1381 439 1500 493 εἰδῇς,

317 513 493 565 αὔριον
521 515 590 558 ἑ’·ς
605 514 653 564 ³⁶)

191 587 317 635 Quare
342 586 551 626 Hermanni
586 586 823 636 conjectura,
863 584 973 635 cujus
1008 596 1160 635 sensus,
1197 587 1239 628 ut
1265 583 1408 624 dietum
1435 588 1504 636 est,

190 672 267 699 non
293 658 386 699 satis
413 657 632 698 commodus
660 661 736 708 est,
771 660 900 696 tamen
928 660 986 696 est
1012 656 1231 707 retinenda,
1266 666 1388 706 usque
1413 655 1505 696 dum

190 732 329 781 aliquis
355 731 513 771 meliora
538 730 726 771 invenerit
739 730 799 780 ³⁷).
826 729 983 768 Verbis:
1011 728 1199 773 ποδαπὸς
1228 727 1249 767 ὁ
1277 729 1408 777 ξένοςς
1436 752 1502 775 -,

191 804 327 854 quibus
352 795 438 843 >hoe
482 804 565 843 loeo
605 802 831 854 Aegisthum
870 802 1168 853 interrogantem
1208 802 1300 842 lacit
1340 802 1505 853 Orestes,

190 889 322 917 servus
370 889 411 916 re
451 889 543 917 vera
590 877 799 926 interrogat
839 866 1012 916 Orestem
1052 870 1178 927 ipsum
1224 871 1505 928 advenientem,

190 962 227 989 V,
255 949 351 988 657:
465 998 467 1000 v

315 1020 500 1065 ποδαπὸς
528 1020 549 1059 ὁ
579 1022 709 1068 ξένοςς
736 1020 898 1069 πόθεν,
926 1044 978 1050 —-

192 1105 290 1144 quae
304 1097 362 1133 est
375 1093 499 1144 solita,
527 1092 559 1132 si
587 1093 671 1143 quis
698 1094 923 1145 peregrinus
950 1092 1117 1144 advenit,
1144 1092 1317 1133 formula.
1345 1093 1507 1133 Notissi-

191 1179 294 1206 mum
321 1170 380 1206 est
406 1166 500 1206 illud
527 1166 789 1207 Homericum:

315 1238 372 1282 τίς
398 1236 533 1278 πόθεν
561 1237 614 1283 εἷς
642 1238 794 1291 ἀνδρῶν
804 1256 819 1287 ‚-
847 1238 950 1278 πόθι
976 1253 1037 1278 τοι
1064 1238 1178 1283 πόλις
1203 1238 1275 1289 ἠδὲ
1302 1242 1466 1289 τοκῆες,-

277 1396 315 1437 36)
336 1398 378 1431 ef.
395 1398 557 1431 Wunder.
579 1398 623 1430 ad
646 1398 748 1440 Soph.
771 1398 807 1430 o.
832 1398 865 1430 o.
890 1409 921 1430 v.
946 1397 1016 1430 521.
1668 1386 1688 1436 ζ

278 1448 317 1488 ³⁶)
337 1449 380 1482 cf.
402 1450 524 1482 Ameis.
548 1450 591 1482 ad
613 1450 646 1481 h.
670 1450 693 1481 1.
1671 1440 1688 1459 ‘⁸

278 1499 317 1537 8”)
336 1500 436 1533 Haud
457 1502 524 1533 seio
546 1511 590 1533 an
611 1501 822 1533 scribendum
844 1501 904 1533 sit:
929 1498 1018 1539 ἐρεῖν
1040 1516 1080 1522 -
1102 1498 1209 1541 βαλεῖ.
1238 1500 1272 1533 Si
1294 1501 1384 1533 enim
1404 1501 1508 1533 verba
1675 1491 1688 1553 ἶ

195 1562 216 1584 a
237 1552 361 1585 Weilio
381 1552 418 1584 in
439 1553 569 1585 textum
600 1554 733 1593 recepta
763 1550 832 1587 ’ἔξει
859 1570 893 1574 -
915 1550 983 1582 κατ’
1010 1549 1209 1592 ὀφθαλμοὺς
1241 1549 1368 1592 βαλεῖν,
1404 1552 1508 1593 signi-
1676 1573 1688 1591 z

194 1605 314 1637 fleant:
347 1604 493 1645 „poterit
514 1604 626 1637 oeulos
647 1603 841 1646 conjicere“‚
864 1604 952 1637 nihil
973 1604 1102 1643 obstat,
1136 1604 1218 1645 quin
1239 1604 1507 1646 conjungantur:
1656 1603 1688 1648 »ξι

164 1660 175 1665 “
197 1653 273 1695 ἐμοὶ
295 1654 379 1685 κατὰ
403 1654 521 1695 στόμα,
558 1654 634 1696 σάφ’
660 1656 743 1692 ἴσθι,
779 1659 834 1686 καὶ
858 1653 925 1686 κατ’
952 1653 1152 1696 ὀφθαλμοὺς
1180 1653 1280 1696 βαλεῖ
1299 1654 1399 1696 ἐρεῖν,
1433 1654 1509 1696 ἐμοὶ
1620 1674 1623 1677 ·
1654 1660 1688 1686 ἐξ

197 1705 304 1746 στόμα
326 1710 382 1737 καὶ
405 1705 606 1747 ὀφθαλμοὺς
630 1725 663 1729 -
690 1709 711 1740 i.
734 1718 762 1740 e.
784 1707 842 1737 τοῦ
868 1705 949 1741 ἐμοῦ
971 1705 1162 1748 πρόςωπον,
1193 1709 1233 1740 ut
1261 1706 1369 1747 στόμα
1400 1708 1507 1741 solum
1673 1710 1688 1765 ᾗ

196 1770 257 1800 pro
277 1760 352 1792 toto
373 1759 472 1792 vultu
494 1760 617 1792 dicitur
638 1760 677 1792 ΙΙ.
697 1760 754 1798 VI,
776 1760 827 1791 42.
850 1771 939 1800 sqq.:
1671 1769 1688 1798 ἐξ

323 1808 422 1844 αὐτὸς
443 1808 474 1841 δ’
501 1809 536 1841 ἐκ
558 1808 698 1852 δίφροιο
721 1809 814 1851 παρὰ
837 1810 960 1850 τροχὸν
984 1808 1177 1849 ἐξεκυλίσθη
1671 1810 1688 1830 '¹‘

321 1861 452 1903 πρηνὴς
474 1860 509 1892 ἐν
531 1863 681 1905 κονίῃσιν
704 1861 758 1893 ἐπὶ
782 1861 900 1903 στόμα·

197 1915 231 1946 et
253 1913 293 1946 11.
317 1914 407 1954 XVI,
429 1914 503 1946 410.

323 1963 402 1997 κὰδ’
429 1963 459 1996 δ’
486 1964 537 2007 ἄρ’
564 1965 617 1997 ἐπὶ
642 1965 733 2006 στόμ’
759 1966 855 1997 ἔωσε·
879 1984 919 1989 -

196 2016 382 2059 καταβαλεῖ
401 2017 502 2060 ἐρεῖν,
533 2019 554 2051 i.
578 2027 625 2051 e.:
658 2019 738 2058 „ubi
759 2019 817 2051 ine
838 2020 874 2051 in
895 2029 948 2051 me
970 2020 1102 2052 vultum
1130 2020 1302 2062 dejecerit,
1331 2021 1370 2053 ut
1390 2010 1529 2062 10qua-'

195 2069 285 2110 ‘nm-‘2
316 2081 359 2103 sc.
382 2067 539 2103 ποδαπὸς
561 2069 578 2100 ὁ
603 2068 710 2110 ξένης
744 2071 867 2104 Forma
889 2069 975 2102 ἑνεῖν
995 2090 1034 2094 -
1057 2072 1098 2104 de
1120 2083 1187 2113 qua
1215 2072 1375 2106 infinitivi
1406 2073 1509 2116 signi-

195 2123 350 2156 ficatione
381 2133 441 2162 „eo
463 2123 613 2161 consilio,
634 2121 695 2154 ut“
718 2124 855 2164 exponit
876 2124 968 2156 Rost.
992 2135 1043 2166 gr.
1065 2135 1114 2166 gr.
1136 2136 1168 2165 p.
1193 2126 1264 2158 687.
1278 2127 1296 2158 7
1319 2141 1358 2147 -
1380 2125 1509 2158 inveni-

195 2176 253 2207 tur
279 2175 391 2208 Prom.
421 2186 452 2208 v.
484 2175 582 2214 1007;
614 2176 748 2209 constat
779 2177 894 2208 autem
924 2176 1103 2209 verborum
1136 2176 1243 2209 en'tus
1277 2188 1327 2208 ειν
1359 2178 1393 2210 et
1427 2188 1457 2207 ει
1488 2187 1509 2210 a

194 2227 342 2260 librariis
373 2227 465 2259 haud
486 2237 563 2260 raro
584 2227 675 2259 inter
695 2237 763 2260 sese
785 2237 853 2260 esse
874 2229 1092 2271 permutatos,
1125 2229 1160 2261 id
1182 2230 1271 2271 quod
1292 2229 1354 2263 hoe
1374 2229 1448 2263 loco
1469 2239 1509 2263 eo

194 2280 327 2314 facilius
347 2280 420 2313 fieri
440 2281 563 2321 potuit,
592 2281 682 2321 quod
706 2277 812 2311 εἰπεῖν
833 2282 993 2322 sequitur.
1036 2281 1153 2314 Nihilo
1175 2283 1285 2315 minus
1313 2292 1381 2315 non
1401 2283 1508 2322 taceo,

195 2332 298 2364 verba
318 2332 365 2364 sie
386 2332 512 2374 scripta
533 2343 638 2372 quum
659 2333 744 2365 alias
765 2333 980 2365 difficultates
1001 2333 1161 2373 praebere
1182 2335 1256 2365 tum
1277 2335 1322 2366 ab
1343 2334 1510 2367 infinitivo
1660 2321 1688 2373 §.⁵⁵⁵³-

197 2381 297 2424 ἐρεῖν,
339 2383 398 2426 qui
429 2384 569 2428 ponitur
600 2384 689 2418 inter
721 2386 813 2418 arcte
845 2385 1059 2418 cohaerentia
1091 2383 1175 2416 κατὰ
1211 2383 1317 2427 στόμα
1348 2389 1405 2418 καὶ
1437 2397 1501 2418 κατ

196 2433 397 2476 ὀφθαλμοὺς
416 2454 457 2459 —
479 2447 565 2478 quae
597 2438 714 2470 eadem
735 2437 920 2470 verbositas
951 2447 1012 2477 pro
1034 2438 1197 2471 vocabulo
1224 2436 1404 2478 πρόσωπον
1431 2438 1510 2471 huie
1662 2433 1684 2445 ‘

195 2487 268 2521 1000
290 2497 503 2529 nequaquam
523 2488 690 2529 quadrare
711 2488 856 2522 videtur*
868 2506 906 2510 —
929 2488 1119 2522 abhorrere.
1667 2494 1684 2522 ,ιε
